1653 2848
867 89 921 132 46

326 230 458 271 BeoV.
496 226 633 271 lllsslb
657 229 882 282 parape
919 209 993 268 hi‘t
1030 242 1091 268 011
1124 208 1362 268 mundum
1395 207 1601 267 beva'nd

190 299 400 355 particula
429 305 497 353 pe
528 302 628 352 post
658 298 791 351 para
824 310 900 351 per
931 310 1149 352 syncopen
1181 295 1455 350 opprimitur;
1489 293 1602 346 vide,

190 384 297 423 quae
344 383 442 409 mox
490 367 599 408 infra
639 365 735 407 talis
775 373 839 419 pe
880 365 1114 421 particulae
1153 379 1364 421 syncopes
1409 363 1602 419 exempla

191 438 335 480 affero.

308 515 430 569 Quae
464 520 603 556 autern
636 513 861 570 trisyllaba
894 513 1112 554 anacrusis
1146 519 1187 553 et
1218 513 1259 552 in
1294 510 1530 552 Greiniana
1561 516 1603 551 et

189 588 231 627 in
253 585 466 627 Heiniana
488 583 676 625 editione
698 583 832 625 Beov.
853 583 966 627 ,2526
990 587 1143 634 exstat,
1167 587 1282 622 certa
1305 579 1602 621 emendatione

189 656 364 697 tollitur.
435 653 599 694 Versus
640 652 750 694 enim
793 650 1142 696 2524b—‘2526
1185 649 1388 693 Greinius
1427 649 1488 690 sio
1530 663 1601 690 ex-

222 741 231 765 ι
320 742 329 766 :

191 725 307 766 hbet
391 789 532 837 252!st
569 789 728 831 Nelle
769 790 817 832 io
850 789 1073 845 beorges
1108 787 1266 829 veard

390 885 503 928 2525
543 865 745 937 (seond)
769 864 1031 923 oferfleon
1067 882 1071 935 Ι
1105 880 1245 922 fotes
1277 886 1406 920 trem

390 977 504 1020 2526
538 990 597 1017 ao
628 989 728 1017 uno
760 973 904 1016 soeal
939 955 1167 1014 veor'oan
1200 977 1244 1013 at
1277 954 1482 1023 veullel

752 1081 843 1108 sva
874 1048 970 1107 lino
1007 1047 1156 1120 erff
1184 1046 1387 1119 gete'off.

305 1172 355 1213 In
389 1185 512 1212 versu
545 1171 659 1213 2525
691 1152 850 1211 feond
883 1167 1136 1210 vocabulum
1161 1183 1185 1209 a
1208 1167 1385 1210 Greinio
1408 1166 1601 1209 additum

189 1272 266 1317 est,
320 1263 435 1319 quod
476 1261 757 1317 manuscripti
797 1242 1061 1302 oferfleon
1101 1260 1241 1302 fetes
1280 1266 1413 1300 trem
1454 1273 1601 1301 versus

188 1357 302 1414 longi
342 1355 517 1398 modum
549 1369 634 1396 non
666 1353 836 1409 explere
869 1352 1014 1394 sensit.
1085 1351 1246 1393 Tamen
1280 1352 1407 1393 etiam
1439 1334 1601 1392 feond

188 1425 399 1468 vocabulo
432 1424 599 1466 adiecto
632 1437 779 1464 versus
811 1436 1078 1477 nequaquam
1101 1427 1288 1473 sanatur,
1319 1435 1449 1474 quum
1472 1420 1603 1462 verba

187 1497 323 1537 fotes
354 1501 485 1536 trem
518 1492 638 1535 alteri
669 1491 940 1534 hemistichio
971 1505 1053 1532 non
1076 1490 1293 1531 sufficiant
1314 1490 1377 1543 (ξ.
1402 1491 1457 1543 5).
1511 1487 1600 1531 Sed

188 1571 236 1606 ut
266 1580 306 1605 v.
339 1565 453 1607 2525
487 1561 672 1613 brevior,
704 1576 830 1616 quam
863 1560 978 1612 lieet,
1009 1560 1071 1600 ita
1102 1574 1140 1599 v.
1174 1559 1313 1602 2526ἃ
1334 1557 1501 1613 longior
1522 1564 1598 1600 est.

189 1633 329 1686 Quam
372 1631 426 1673 ob
468 1645 554 1672 rem
597 1629 770 1671 dubium
814 1643 905 1670 esse
937 1643 1019 1669 non
1052 1633 1214 1683 potest,
1246 1627 1346 1681 quin
1380 1627 1511 1668 verba
1543 1641 1601 1668 ao

188 1716 286 1743 unc
326 1699 464 1743 sceal
506 1699 561 1741 ad
598 1715 638 1740 v.
681 1699 794 1741 2525
829 1697 1083 1752 pertineant.
1154 1697 1298 1749 Atque
1332 1709 1478 1737 versus
1510 1709 1599 1737 cer-

187 1770 348 1812 tissime
380 1768 481 1809 mihi
513 1766 662 1809 videor
693 1765 940 1808 emendasse
972 1765 1053 1807 sic:

189 1863 301 1905 2525
342 1842 601 1901 oferfle'm]
643 1840 783 1900 fetes
825 1839 954 1898 trem
989 1858 993 1910 Ι
1032 1839 1086 1897 ac
1129 1869 1224 1896 uno
1257 1855 1422 1897 faehzyo
1455 1838 1599 1896 soeal

188 1953 302 1997 2526
346 1934 578 1993 veorffan
617 1956 670 1992 at
712 1933 882 1991 vealle
917 1951 922 2003 Ι
960 1934 1055 1990 sva
1086 1933 1185 1989 tino
1220 1932 1367 2003 Υὲνό
1393 1933 1596 2003 ςοὶὲόό.

305 2040 501 2083 Ετεὴόο
543 2040 654 2081 enim
695 2053 841 2080 vocem
883 2052 966 2079 non
1007 2037 1131 2077 modo
1172 2037 1465 2078 alliterationis
1497 2051 1597 2079 oon-

187 2111 299 2152 dicio
332 2109 494 2165 poscit,
535 2107 608 2149 sed
642 2107 767 2147 etiam
801 2106 1034 2157 sententia,
1075 2120 1202 2159 quum
1236 2120 1363 2146 veor
1385 2111 1470 2145 ‘fan
1503 2105 1594 2147 sine

186 2179 380 2222 subiecto
423 2183 464 2219 et
505 2176 625 2231 quasi
665 2175 858 2216 absolute
897 2180 1147 2229 usurpatum
1189 2173 1229 2213 in
1264 2175 1366 2215 totis
1399 2175 1596 2215 carmini-

187 2249 266 2290 bus
296 2249 451 2289 iterum
483 2261 568 2288 non
600 2250 811 2287 occurrat.
874 2242 1077 2285 Ceterum
1118 2243 1247 2283 tertia
1277 2257 1428 2284 vocum
1462 2243 1597 2284 allite-

187 2317 351 2358 ratione
391 2316 635 2357 iunctarum
680 2327 827 2354 rursus
868 2326 1075 2366 oppressa
1115 2319 1191 2352 est.
1255 2310 1312 2351 Et
1344 2311 1398 2351 of.
1433 2310 1593 2366 Byrhn.

188 2409 272 2452 247
305 2393 447 2449 fleon
479 2391 621 2447 fotos
654 2390 821 2460 trjym}
859 2389 917 2444 ac
951 2389 1072 2444 ville
1104 2387 1289 2443 furffor
1320 2386 1418 2456 gan

311 2475 441 2528 Quod
463 2475 546 2516 iam
579 2473 634 2515 ad
665 2478 829 2515 ceteras
859 2486 1004 2514 versus
1028 2471 1168 2512 theses
1190 2470 1357 2522 attinet,
1388 2469 1428 2510 in
1450 2469 1595 2524 anglo-

189 2544 401 2586 saxonicis
433 2541 707 2595 carminibus,
741 2546 787 2582 ut
818 2540 860 2582 in
892 2539 1142 2592 theodiscis,
1185 2538 1301 2579 nulla
1333 2537 1413 2578 nisi
1446 2551 1592 2578 mono-

189 2612 353 2667 syllaba
375 2611 508 2653 thesis
541 2610 787 2660 adhibetur3
822 2623 930 2662 quae
953 2608 1062 2649 enim
1089 2612 1318 2648 occurrunt
1341 2604 1590 2660 bisyllabae,
