1653 2848
734 40 788 77 ,NJ

737 70 771 80 ⁴0«

59 198 139 224 non
176 180 380 234 versibus,
420 180 566 234 quales
599 186 697 220 sunt
729 193 839 220 lnen
874 193 929 218 ne
963 191 983 217 c
997 193 1021 217 u
1036 191 1058 216 n
1072 192 1169 217 non
1205 184 1245 217 et
1276 184 1307 230 Ι)
1321 192 1383 217 rvr
1415 192 1467 218 se

60 261 213 331 balga
246 282 326 315 eto.
361 270 751 319 adnumeraveri1n3
808 269 970 311 seilicet
1007 269 1046 309 in
1080 269 1145 320 iis,
1179 269 1256 309 nisi
1291 284 1468 310 anticru-

59 346 136 386 sim
178 351 242 398 pe
286 342 497 398 particula
537 340 749 395 expletam
790 339 1017 389 haberent,
1067 353 1181 378 arses
1217 354 1287 378 ine
1331 345 1371 379 et
1412 339 1470 379 he

62 421 159 454 ante
191 428 241 453 se
274 420 315 453 et
354 427 411 452 ne
451 411 592 451 theses
625 409 740 450 nullo
776 416 900 464 pacto
934 408 1037 447 ictui
1071 407 1326 448 sufficerent.
1394 410 1471 448 At-

63 499 143 538 que
177 482 365 524 eiusdem
398 482 484 522 fere
517 479 684 536 generis
718 487 780 520 est

391 590 429 614 V·
464 572 570 614 Gen.
606 573 719 616 2845
766 587 809 613 se
844 558 932 612 rica
966 555 1106 624 ougan

64 644 135 699 qui
176 645 210 685 si
244 643 439 684 anaorusi
480 657 531 683 se
574 641 753 682 articulo
786 640 956 695 expleta
987 646 1173 691 careret,
1221 654 1303 679 non
1338 639 1474 678 minus

65 713 167 754 false
205 713 498 754 conformatus
537 709 804 766 procederet.
868 709 923 750 Et
957 710 997 749 in
1031 709 1184 750 ceteris
1217 707 1475 749 carminibus

65 783 147 838 legi
183 781 287 822 haec
320 781 410 823 eius
441 781 609 836 generis
643 779 854 834 exempla:

395 872 533 916 Guffl.
577 875 631 916 22
685 880 744 927 Pe
779 854 829 913 he
861 854 1026 927 gesette

378 964 515 1008 Gfiffl.
544 965 628 1008 4³33
693 980 737 1006 se
770 948 841 1006 1if-3„
881 946 1042 1020 gelwa's

383 1058 518 1100 Andr.
542 1059 626 1102 302
682 1073 732 1099 ne
764 1040 856 1100 vira
888 1040 1094 1114 gespann.

188 1139 348 1181 Confer
387 1145 553 1191 autem,
610 1153 719 1193 quae
767 1138 818 1180 de
860 1138 1033 1194 regulae
1073 1136 1199 1179 modo
1241 1136 1478 1192 explicatae

69 1211 256 1262 ratione,
303 1224 411 1264 quae
461 1208 634 1250 difficile
683 1208 852 1250 videtur
898 1209 1076 1263 intelligi
1125 1222 1270 1263 posse,
1317 1207 1478 1248 dissero

70 1280 176 1337 Cap.
200 1280 256 1322 II.
290 1280 326 1334 ξ.
352 1280 391 1324 3.
426 1305 480 1309 -

186 1360 286 1403 Jam
318 1375 417 1401 num
443 1359 781 1416 Anglosaxonici
812 1366 963 1414 poetae
995 1358 1179 1400 ternaria
1211 1358 1481 1401 hemistichia

71 1430 180 1472 thesi
214 1436 289 1471 aut
322 1428 418 1481 alia,
452 1435 581 1482 atque
612 1429 804 1483 praefixo
838 1428 904 1469 vel
936 1429 1161 1484 proclitico
1194 1428 1377 1483 expleta,
1409 1435 1481 1469 aut

71 1499 185 1541 nulla
226 1498 419 1540 adhibita
456 1498 679 1550 finxerint,
721 1498 762 1539 in
803 1498 1094 1552 quaestionem
1129 1498 1368 1539 vocandum
1402 1505 1479 1539 est.

73 1569 235 1611 Versus
282 1574 447 1620 autem,
499 1567 540 1608 in
589 1567 742 1622 quibus
789 1567 1027 1609 tractandis
1074 1567 1181 1609 haec
1221 1568 1481 1622 quaestionis

71 1658 172 1699 pars
200 1649 409 1695 versatur,
442 1642 690 1698 singillatim
719 1643 1024 1698 perstringam3
1060 1642 1196 1695 etita,
1230 1649 1276 1683 ut
1297 1642 1479 1697 primum

72 1713 125 1754 dc
162 1713 214 1754 iis
255 1711 458 1753 disseram
500 1711 717 1764 versibus,
763 1712 832 1766 qui
874 1717 1044 1767 praeter
1074 1719 1161 1753 tres
1193 1726 1310 1753 arses
1342 1712 1483 1764 aliam,

73 1789 200 1836 atque
247 1782 436 1836 praefixo
489 1782 552 1822 vel
599 1781 822 1836 proclitico
870 1781 1082 1836 expletam
1134 1781 1285 1823 thesim
1328 1781 1483 1823 habere

75 1850 287 1892 videntur.

137 1933 184 1984 1)
217 1931 350 1973 Beov.
376 1931 475 1983 332,
508 1930 609 1983 481,
637 1932 738 1983 363,
772 1929 1087 1972 hemistichium
1123 1931 1312 1972 occurrit
1343 1938 1485 1972 oret—

222 2015 453 2057 meogas,
508 2007 550 2042 et
590 2001 693 2042 item
736 1999 874 2042 Andr.
909 2001 1017 2051 (364,
1064 2007 1105 2042 et
1139 2000 1369 2042 Eadveard
1405 1998 1484 2044 11¹¹

221 2077 627 2127 oret-macgum3
661 2070 816 2125 quibus
838 2071 879 2111 in
903 2071 1097 2112 versibus
1130 2077 1244 2112 oret
1276 2069 1486 2111 vocabulo

223 2138 330 2182 duos
362 2146 564 2182 accentus
596 2139 784 2182 tribuere
817 2155 899 2182 non
933 2139 1152 2182 dubitabis
1185 2147 1394 2196 respecta,
1434 2139 1486 2180 de

223 2247 309 2288 qua
340 2232 378 2286 ξ.
402 2234 431 2276 4
451 2231 682 2288 disputavi,
715 2220 893 2276 oretta
926 2241 968 2275 et
1000 2211 1222 2276 onetton
1254 2233 1484 2275 formarum

224 2302 560 2344 accentuatione.

137 2383 187 2435 2)
221 2381 270 2423 Β.
303 2382 441 2427 1036“
489 2381 675 2424 editores
716 2383 920 2425 exhibent
959 2382 1275 2425 hemistichium
1316 2380 1487 2423 fated-

225 2450 404 2492 hleore
435 2458 478 2493 et
500 2451 636 2493 Andr.
655 2453 766 2497 478³
797 2452 1174 2495 fated-sinces.
1217 2451 1302 2495 Sed
1335 2449 1486 2493 faeted

224 2533 362 2574 neque
399 2520 541 2562 fated
581 2521 855 2564 scribendum
897 2537 989 2564 esse
1023 2529 1064 2564 et
1098 2522 1179 2564 hoo
1212 2520 1486 2577 participium

227 2587 280 2629 ad
321 2587 540 2643 got-hicum
582 2590 760 2632 verbum
799 2591 969 2646 fetjan
1011 2593 1238 2643 (κοσμεῖν)
1278 2589 1488 2644 pertinere
