1653 2848
776 84 824 126 12

365 220 501 263 Andr.
552 223 657 264 174a
694 212 757 274 Du
789 206 923 262 scealt
954 207 1070 263 fei-an

270 311 348 351 Iul.
384 313 438 354 54
471 319 513 353 et
545 314 629 356 520
691 299 767 355 sva
799 298 863 367 psi
897 298 952 354 nsi
986 316 1045 366 pa

97 384 139 418 et
170 379 232 420 sic
264 393 405 434 saepe.

214 446 349 502 Cujus
386 449 554 504 generis
585 450 626 491 in
659 465 788 491 carm.
821 450 874 491 de
906 450 1038 492 Becv.
1069 450 1229 491 nullum
1262 450 1500 504 exemplum

97 521 263 557 exstare
291 517 390 571 quin
412 518 511 559 forti
534 518 738 560 debeatur
760 534 883 560 nemo
907 520 1000 572 erit,
1031 520 1103 573 qui
1125 519 1305 560 dubitet.
1348 519 1500 572 Neque

98 584 233 640 magis
273 585 347 638 iu,
394 601 480 639 nu,
527 587 613 640 bu,
661 594 737 640 tu,
781 588 993 641 vocibus,
1019 594 1067 629 ut
1107 603 1214 642 quae
1254 587 1501 642 saepissime

96 652 205 694 thesi
235 653 471 709 insequenti
503 662 690 709 careant,
722 655 950 710 quidquam
974 656 1131 709 obstat,
1162 657 1389 711 quominus
1410 656 1500 697 lon—

96 737 172 776 gas
205 723 374 765 vocales
404 724 656 768 tribuamus.
690 725 763 767 cf.:

157 813 205 855 B.
228 816 343 859 ‘2459
406 802 557 872 gemen
590 803 631 858 in
664 803 870 873 geardum
901 819 907 868 Ι
933 817 1079 872 svylce
1109 805 1203 871 paer
1233 804 1275 858 iu
1299 803 1439 858 vteron

156 905 266 949 Seel.
295 908 350 950 60
412 923 462 949 ne
493 889 576 952 nan
608 894 718 964 para
749 886 862 965 gbda
888 910 892 962 Ι
923 894 982 962 De
1014 911 1077 963 pu
1109 894 1152 949 ilfi
1183 886 1325 951 ἔῇῐέεῐ

97 981 137 1015 et
178 974 229 1016 de
270 978 332 1016 nsi

213 1066 349 1110 Guffl.
383 1071 438 1112 20
500 1069 590 1110 efer
621 1056 684 1123 pa
715 1054 833 1111 nisffas
863 1070 867 1122 Ι
896 1054 955 1123 pe
988 1083 1037 1109 ve
1071 1054 1126 1110 nsi
1159 1049 1351 1125 drebga‘d'

326 1168 368 1202 et
400 1162 527 1203 Βρόν.
564 1163 676 1204 3102
739 1146 841 1203 uton
874 1146 930 1202 nsi
961 1146 1098 1202 esstan

591 1253 676 1297 426
739 1239 777 1294 ic
809 1238 868 1306 pe
900 1238 956 1293 nsi
987 1237 1049 1305 pa

592 1346 675 1387 657
740 1333 872 1386 buton
904 1330 963 1398 pe
994 1330 1049 1385 nu
1082 1333 1143 1398 pa

445 1436 554 1477 Gen.
587 1436 668 1480 831
734 1427 926 1478 heonone
959 1422 1013 1478 nu
1046 1422 1105 1490 pa

96 1513 137 1545 et
170 1506 229 1546 sic
263 1506 397 1546 multo
430 1506 613 1559 saepius.

301 1582 343 1615 et
375 1574 426 1615 de
460 1574 484 1614 b
497 1576 524 1614 ΐι
556 1581 598 1615 et
629 1577 696 1614 tsi:

215 1667 324 1709 Gen.
359 1668 444 1709 574
505 1652 557 1707 cn
593 1651 858 1707 brecstccfan
886 1669 890 1719 Ι
922 1669 997 1707 sva
1030 1666 1088 1705 vit
1120 1666 1205 1706 him
1241 1666 1295 1705 bu
1328 1669 1373 1705 tsi

355 1758 440 1800 847
504 1771 554 1798 ac
576 1757 644 1798 hie
665 1735 717 1798 cn
740 1742 875 1814 gebed
909 1743 1062 1799 fecllon
1091 1760 1097 1810 Ι
1123 1742 1179 1798 bu
1212 1743 1258 1797 tu
1287 1742 1477 1798 {itscmne

242 1828 293 1868 cf.
328 1825 400 1868 Cri
440 1827 573 1879 1326,
616 1825 761 1868 Pboen
796 1828 880 1869 402

252 1919 318 1960 El.
353 1920 437 1961 605
498 1896 681 1975 tireadig
713 1903 819 1960 even
849 1922 854 1974 Ι
880 1904 939 1972 pe
971 1924 1070 1973 synt
1101 1903 1148 1958 tu
1179 1906 1311 1972 gearu
1345 1917 1399 1969 (ξ.
1419 1918 1477 1968 4).

95 1989 144 2031 In
184 2003 313 2030 carm.
356 1987 408 2028 de
448 1987 580 2029 Becv.
623 1994 763 2029 autem
802 1987 973 2028 omnino
1012 1986 1067 2026 bu
1115 1991 1157 2026 et
1195 1988 1242 2026 tsi
1290 1984 1497 2026 vocabula

95 2073 300 2112 nusquam
332 2057 542 2112 leguntur.

739 2171 777 2225 ξ.
816 2173 853 2212 ιι.

211 2263 260 2304 In
293 2268 484 2304 veterum
506 2260 818 2304 Germanorum
853 2259 1028 2301 vocibus
1059 2258 1252 2314 proxima
1282 2263 1382 2312 post
1412 2256 1496 2311 syl-

94 2332 235 2373 labam
282 2331 453 2372 brevem
499 2336 680 2371 accentu
719 2329 971 2370 instructam
1012 2328 1108 2382 ipsa
1149 2332 1327 2368 accentu
1365 2331 1495 2365 caret.

95 2401 239 2453 Quam
270 2400 407 2455 legem
442 2406 487 2439 ut
518 2399 656 2453 ipsum
691 2395 911 2438 Otfridum
942 2396 984 2436 in
1016 2396 1096 2436 fine
1130 2409 1326 2436 versuum
1350 2408 1495 2447 quam-

95 2485 220 2523 quam
261 2468 475 2510 rarissime
513 2467 750 2523 neglexisse
789 2464 902 2519 apud
943 2479 1088 2506 omnes
1130 2469 1299 2504 constat
1330 2463 1408 2515 (cf.
1443 2461 1495 2503 de

95 2552 225 2580 carm.
246 2536 431 2579 Wessof.
456 2551 494 2590 p.
520 2536 590 2586 133
625 2533 831 2575 Mullenh.
856 2539 898 2574 et
915 2531 1111 2582 Scherer,
1145 2530 1328 2572 Denkm.
1352 2545 1390 2585 p.
1409 2529 1494 2572 318

95 2613 137 2647 et
168 2605 325 2647 confer.
358 2604 484 2646 etiam
517 2603 768 2644 Lachmann
801 2600 854 2642 ad
878 2600 993 2641 Nibl.
1023 2600 1141 2652 118):
1174 2600 1234 2640 ita
1265 2599 1305 2640 in
1330 2598 1494 2654 Anglo-
