1653 2848
132 605 165 644 1.

126 753 165 794 2.

631 319 1035 373 THESES.

219 555 402 644 Plaut.
435 603 562 659 Capt.
598 622 633 646 v.
673 608 820 651 148-—
840 609 918 651 16¹3
962 616 1112 663 poetae
1146 608 1417 663 abrogandos
1449 622 1541 650 esse

213 672 439 715 contendo.

216 751 266 794 In
297 753 485 795 carmine
516 756 752 811 anglosax,
784 757 903 798 cuius
936 757 1083 798 titulus
1108 756 1160 798 ab
1184 756 1420 798 editoribus
1441 771 1540 798 con-

213 821 388 863 stitutus
424 830 487 864 est
528 823 704 880 „Klage
742 823 818 865 der
849 824 999 866 Frau“
1036 825 1101 866 vel
1135 825 1310 881 „Klage
1342 825 1418 866 der
1451 840 1540 867 ver-

214 889 400 932 bannten
440 892 592 934 Frau“
635 892 808 946 (Grein.
851 894 962 935 Bibl.
1003 895 1034 936 I.
1069 896 1181 946 245)
1223 910 1370 936 versus
1417 897 1538 937 1-5

213 960 381 1014 spurios
414 967 455 1002 et
487 962 655 1003 titulum
690 963 808 1004 illum
840 963 993 1005 falsum
1029 978 1120 1005 esse
1154 978 1320 1004 censeo.

223 1038 321 1081 Hel.
361 1040 471 1084 1662
505 1040 636 1083 verba
669 1043 727 1083 en
760 1042 996 1084 forlatan
1031 1042 1244 1084 contendo
1276 1043 1389 1084 idem
1411 1043 1538 1099 signi·

216 1107 345 1149 ficare
386 1115 513 1163 atque
545 1110 920 1166 anglosaxonicam
953 1111 1176 1153 formulam
1210 1117 1268 1153 im
1302 1111 1542 1154 forlaetan

214 1179 388 1231 (contra
426 1179 479 1220 cf.
523 1193 631 1233 quae
663 1188 840 1221 annotat
873 1179 1108 1223 Grimmius
1141 1180 1194 1222 ad
1228 1180 1364 1222 Andr.
1402 1181 1538 1234 1288)

213 1252 256 1289 et
287 1263 325 1288 v.
369 1248 480 1292 1184
513 1250 571 1290 en
603 1249 836 1291 forletun
871 1250 1144 1292 scribendum
1180 1265 1272 1292 esse
1304 1265 1383 1305 pro
1405 1252 1540 1292 euna

213 1315 460 1359 forletun.

217 1394 379 1438 Phoen‘
408 1397 483 1440 191
531 1396 758 1450 (Grein.I.
791 1413 832 1452 p.
866 1398 976 1451 220)
1009 1413 1086 1453 pro
1124 1397 1262 1452 purh
1303 1397 1537 1453 gevittes

214 1465 351 1521 vylm
382 1465 524 1508 scribo
554 1466 690 1520 purh
721 1466 961 1522 gehittes
993 1468 1143 1523 vylm.

217 1544 290 1587 Cri
326 1546 434 1589 1603
459 1545 626 1599 (Grein.
659 1546 693 1587 I.
716 1562 759 1601 p.
790 1547 895 1600 159)
928 1561 1007 1601 pro
1039 1547 1106 1588 lif
1141 1546 1238 1587 and
1273 1546 1411 1588 dea&
1436 1546 1538 1588 scri-

214 1614 398 1656 bendum
431 1621 514 1656 est:
547 1614 622 1670 lig
653 1613 749 1655 and
783 1613 930 1656 ἀοέιό.

217 1695 355 1737 Exod.
375 1695 452 1739 581
492 1693 766 1737 scribendum
797 1702 883 1736 est:

427 1763 597 1804 banda
628 1763 786 1804 hcfon
821 1762 1218 1818 halsvurffuuge

214 1834 238 1874 i.
273 1847 315 1873 e:
349 1847 472 1874 manu
505 1833 768 1874 sustulerunt
800 1832 983 1873 monilia.

218 1911 394 1954 Hiatum
437 1912 477 1953 in
518 1913 779 1953 senariorum
823 1910 1099 1952 iambioorum
1144 1924 1319 1950 caesura
1359 1909 1537 1964 penthe-

213 1982 387 2022 mimere
420 1988 462 2022 et
492 1988 590 2036 post
622 1988 819 2034 quartum
853 1980 1006 2034 pedem
1040 1978 1374 2033 septenariorum
1398 1977 1534 2018 troch.

214 2067 238 2091 a
259 2050 412 2091 Plauto
440 2065 522 2091 non
554 2049 791 2090 adhibitum
822 2063 913 2089 esse
943 2048 1156 2089 contendo
1187 2047 1264 2087 nisi
1290 2054 1386 2100 post
1407 2045 1534 2101 sylla-

216 2121 308 2160 bam
342 2120 384 2160 in
418 2119 606 2160 vocalem
638 2118 809 2172 longam
842 2117 908 2157 vel
939 2117 979 2157 in
1015 2132 1051 2157 m
1087 2115 1290 2169 liquidam
1312 2124 1532 2156 exeuntem

214 2193 286 2228 aut
317 2195 417 2242 post
448 2186 691 2228 infinitivus.
