1653 2848
750 36 803 78 43

720 204 757 255 ξ.
795 202 832 243 6.

191 292 290 335 Jam
330 291 579 347 quaestione.
622 290 672 332 de
713 291 910 331 ternariis
952 291 1231 333 hemistichiis
1272 291 1324 332 ad
1357 292 1480 332 finem

74 361 283 418 perducta
318 361 387 402 vix
419 361 571 416 opinor
603 360 697 412 erit,
731 360 800 414 qui
834 359 997 401 binaria
1032 360 1229 416 cupidius
1253 361 1482 416 amplecta-

72 437 154 473 tur.
218 429 341 484 Quae
382 437 521 472 autem
564 430 652 471 eius
692 429 859 485 generis
899 429 1056 484 reperi,
1102 430 1346 485 singillatim
1389 443 1483 484 per-

74 501 295 557 stringam.

191 570 258 610 Ac
291 569 471 624 primum
507 567 678 623 quidem
714 567 755 608 hi
788 582 936 608 versus
969 568 1126 609 similes
1160 577 1278 609 sunt:

402 637 533 678 Beov.
558 639 612 681 25
678 651 773 678 man
805 639 975 692 gepeon

352 705 460 748 Gen.
502 705 612 749 1938
675 705 791 747 Loth
825 705 953 746 onfon

386 773 460 816 Cri
498 775 638 819 1032ίΙ
670 775 839 817 ΙΕΟὸὶιω
874 775 1001 817 onfon

273 854 314 885 et
347 843 456 887 Gen.
498 844 601 888 1581
668 846 922 900 gesceavjan

418 913 485 954 El.
521 913 604 957 679
667 913 922 969 geclaensjan

384 981 462 1025 Cri
529 985 637 1026 144³
670 991 711 1023 et
744 983 830 1026 320
862 982 1077 1039 gefaelsjan

312 1049 448 1094 Gfiffl.
496 1051 608 1095 1148
670 1053 844 1106 asanjan

492 1123 505 1163 1
523 1121 602 1162 1513
665 1119 893 1175 asundrjan

69 1214 175 1254 quos
209 1199 262 1241 ad
294 1213 443 1240 versus
474 1198 586 1240 idem
619 1199 857 1253 pertinere,
897 1197 1011 1252 quod
1045 1198 1128 1239 iam
1162 1197 1392 1240 identidem
1427 1198 1478 1240 de

69 1267 301 1310 contractis
331 1267 478 1309 formis
511 1265 727 1319 adnotavi,
759 1267 883 1309 facile.
914 1266 1180 1322 intelligitur.

186 1346 355 1389 Deinde
387 1347 518 1389 Beov.
543 1347 683 1392 24883
728 1347 834 1388 liber
867 1362 942 1389 ms.
976 1346 1148 1388 exhibet
1181 1346 1328 1389 hreas
1362 1347 1478 1389 blac

68 1441 142 1482 ubi
180 1440 384 1482 Greinius
424 1447 467 1481 et
506 1439 690 1481 Heinius
732 1440 928 1481 scribunt
967 1439 1122 1481 brea-s
1164 1426 1478 1492 heorubla‘Q

68 1524 153 1565 qua
183 1509 349 1550 medela
379 1524 526 1550 versus
559 1524 822 1563 nequaquam
856 1516 1043 1560 sanatur,
1075 1510 1175 1563 quia
1207 1510 1479 1565 Anglosaxo-

67 1593 141 1621 nes
171 1579 380 1620 ternarios
414 1593 584 1631 versus,
626 1579 669 1619 in
701 1578 856 1632 quibus
890 1585 961 1619 aut
994 1578 1227 1632 praefixum
1261 1579 1350 1620 sive
1380 1594 1478 1634 pro-

67 1648 256 1690 cliticum
288 1655 362 1689 aut
394 1654 642 1688 contractae
672 1648 834 1688 formae
866 1662 950 1688 non
984 1656 1255 1702 apparerent,
1287 1663 1370 1689 nou
1401 1649 1478 1689 fin-

66 1719 180 1758 xisse
219 1716 441 1772 superiore
477 1716 753 1772 paragrapho
795 1716 900 1757 satis
933 1715 1247 1758 demonstrasse
1280 1716 1383 1758 mihi
1415 1718 1478 1760 vi·

67 1808 184 1850 deor.
247 1805 394 1860 Quum
435 1815 577 1850 autem
619 1808 669 1850 B.
703 1808 812 1852 2831
860 1822 1006 1849 versus
1047 1816 1247 1850 occurrat
1287 1795 1476 1863 „hreas

68 1889 129 1941 on
182 1876 415 1942 hriffisan“
468 1900 596 1941 etiam
649 1906 796 1941 nostro
848 1900 944 1942 loco
991 1899 1263 1942 scribendum
1310 1900 1478 1943 videtur

65 1977 237 2034 Hreas
278 1978 397 2035 blac
439 2007 500 2033 on
534 1977 744 2034 hrsisan.
809 1991 845 2032 Ε
879 1992 1016 2034 tribus
1049 1993 1158 2034 enim
1193 1993 1476 2036 alliteratione

67 2061 393 2103 coniunctarum
425 2075 580 2103 vocum
612 2076 741 2103 unam
772 2076 920 2103 rursus
943 2077 1190 2117 oppressam
1215 2077 1305 2104 esse
1326 2069 1444 2118 puto.

184 2129 364 2172 Restant
394 2137 536 2172 tamen
571 2145 717 2172 versus
751 2129 927 2184 binarii,
966 2146 1071 2185 quos
1109 2131 1325 2174 emendari
1357 2137 1474 2174 vetat

65 2197 236 2240 habitus
269 2214 414 2241 eorum
449 2199 667 2254 proprius:

414 2291 462 2332 B.
497 2293 577 2335 511
644 2306 696 2332 ne
728 2276 818 2332 122ss
844 2306 894 2333 ne
926 2279 1000 2334 12²1&

399 2384 463 2425 El.
497 2386 580 2427 572
645 2399 695 2425 ne
743 2399 799 2425 aer
839 2399 890 2426 ue
930 2373 999 2427 sio

297 2474 432 2518 Gsffi'l.
470 2477 580 2519 1065
644 2491 693 2516 ne
726 2480 795 2518 sar
827 2491 878 2517 ne
911 2461 1011 2532 sorg

297 2565 455 2608 Phoen.
528 2568 580 2611 56
645 2583 696 2609 ne
727 2583 827 2624 sorg
860 2584 910 2610 ne
945 2569 1046 2622 slaep
