1653 2848
796 57 822 97 4

228 170 412 212 Exstant
445 177 585 212 autem
619 177 839 226 praeterea
874 170 1085 226 permulti,
1108 171 1148 212 in
1171 170 1325 225 quibus
1347 171 1518 226 regulae

112 240 318 294 quaedam
367 255 389 280 a
436 239 650 281 veteribus
699 240 836 293 poetis
884 238 1118 281 theodiscis
1160 246 1202 281 et
1244 239 1424 281 maxime
1465 239 1518 280 ab

112 308 285 351 Otfrido
317 308 570 350 observatae
601 308 836 351 laedantur.

765 424 861 479 §a

233 517 298 555 Ac
332 513 512 568 primum
546 511 718 567 quidem
758 513 799 552 in
834 511 1174 553 meridionalium
1206 509 1520 553 Germanorum

114 583 306 625 versibus
347 581 535 637 syllaba,
576 595 684 635 quae
725 581 929 622 minorem
972 588 1192 622 accentum
1235 581 1362 622 habet
1394 588 1523 634 atque

115 655 155 695 in
189 654 358 694 brevem
395 651 583 692 vocalem
626 650 795 702 desinit,
827 651 905 692 nisi
939 650 976 691 ei
998 650 1131 691 altera
1152 651 1295 706 gravis
1318 649 1525 702 succedit,

114 730 202 775 aut,
234 722 343 762 sicut
376 721 418 761 in
452 719 642 761 clausula
675 734 724 760 ac
757 733 933 760 caesura
964 719 1027 772 fit,
1058 719 1328 760 intervallum
1361 733 1521 760 moram

115 792 260 844 addit,
293 790 397 831 ictui
431 805 515 831 non
548 789 718 830 sufficit.
782 787 913 840 Quod
947 803 1029 830 non
1063 788 1117 829 ad
1151 788 1523 844 Anglosaxonicos

113 875 261 902 versus
294 859 504 915 pertinere
535 857 735 898 facillime
766 856 888 898 nobis
920 856 1245 911 persuademus,
1278 871 1407 910 quum
1429 857 1522 912 plu·

115 931 231 972 rimis
277 928 382 970 locis
429 927 541 968 illius
588 925 753 982 generis
794 926 983 981 syllabae
1025 926 1293 980 reperiantur
1331 926 1420 967 ictu
1459 926 1523 966 in—

114 1005 313 1042 structae.

233 1066 354 1120 Quas
392 1071 533 1106 tamen
572 1062 758 1118 syllabas
797 1077 880 1104 non
918 1062 1145 1103 cuiuslibet
1185 1062 1353 1117 generis
1395 1077 1523 1104 voca-

116 1137 324 1187 bulorum,
355 1134 428 1176 sed
462 1133 604 1188 potius
637 1137 849 1173 certorum
880 1131 1006 1172 modo
1028 1145 1118 1173 esse
1140 1131 1251 1172 infra
1275 1131 1525 1173 videbimus.

116 1206 244 1248 Nunc
277 1211 417 1246 autem
452 1201 675 1242 nonnullos
708 1214 871 1252 versus,
903 1200 944 1240 in
978 1199 1131 1253 quibus
1160 1200 1233 1241 illa
1253 1200 1321 1241 lex
1343 1216 1428 1241 non
1450 1200 1525 1241 ob-

114 1281 284 1318 servata
317 1278 509 1328 apparet,
539 1271 601 1311 ita
630 1269 901 1321 enumerabo,
934 1276 980 1309 ut
1012 1269 1148 1323 primo
1180 1270 1275 1311 loco
1297 1270 1403 1311 tales
1424 1269 1525 1310 affe-

115 1361 221 1396 ram,
257 1343 402 1398 quales
434 1340 576 1382 verbis
609 1338 969 1394 Anglosaxonicis
1000 1338 1045 1378 in
1078 1345 1260 1379 veterem
1295 1338 1522 1380 dialectum

117 1413 381 1456 theodiscam
422 1408 676 1451 transversis
717 1407 770 1448 ad
812 1406 989 1448 eandem
1030 1407 1203 1462 regulae
1235 1407 1524 1458 severitatem,

117 1499 243 1538 quam
277 1479 510 1523 Otfridiani
545 1491 707 1529 versus,
739 1476 931 1530 adaptati
965 1476 1162 1517 evadant.

321 1583 449 1624 Beov.
499 1581 554 1625 34
616 1561 752 1620 leofne
784 1561 953 1632 peoden

467 1672 548 1715 154
612 1653 726 1725 ptirh
759 1651 892 1711 sliffne
924 1652 992 1711 sio

320 1767 428 1809 Gen.
463 1765 577 1808 2133
610 1745 700 1804 ofer
731 1745 879 1803 rumne
911 1745 1049 1817 grund

323 1859 448 1899 Beov.
494 1858 546 1900 35
611 1837 746 1910 beaga
777 1836 951 1909 bryttan

494 1949 545 1990 41
613 1949 780 1988 maffma
820 1927 990 2029 menigo

472 2039 549 2081 149
613 2041 725 2079 Siara
757 2019 884 2090 sorga

465 2132 550 2174 474
612 2113 794 2186 gumena
840 2109 1004 2183 :Rugum

322 2224 433 2266 Gen.
474 2221 758 2267 121bmetod
791 2205 915 2276 engla
947 2203 1047 2261 heht

471 2302 578 2348 100b
612 2306 664 2344 on
698 2305 824 2344 vraor
827 2319 851 2344 ι
883 2285 996 2358 gield

153 2409 193 2440 et
227 2400 279 2440 cf.
314 2398 448 2440 Beov.
468 2397 550 2440 992
613 2396 694 2437 fela
725 2402 847 2449 paera
880 2400 953 2434 vas

313 2488 550 2533 Gen.16ll5
612 2470 722 2541 para
753 2469 806 2527 {in
841 2469 913 2527 viis

332 2582 398 2622 El.
461 2578 573 2624 285¹»
606 2561 726 2633 para
758 2560 873 2619 bada
904 2576 982 2626 (cf.
1017 2577 1055 2630 ξ.
1078 2578 1133 2625 4)
