<?xml version="1.0" encoding="UTF-8"?>
<!DOCTYPE html PUBLIC "-//W3C//DTD XHTML 1.0 Transitional//EN"
    "http://www.w3.org/TR/xhtml1/DTD/xhtml1-transitional.dtd">
<html xmlns="http://www.w3.org/1999/xhtml" xml:lang="en" lang="en">
 <head>
  <title>
</title>
<meta http-equiv="Content-Type" content="text/html;charset=utf-8" />
  <meta name='ocr-system' content='tesseract 3.04.00' />
  <meta name='ocr-capabilities' content='ocr_page ocr_carea ocr_par ocr_line ocrx_word'/>
</head>
<body>
  <div class='ocr_page' id='page_1' title='image "./deanglosaxonumar00schuuoft_0017.png"; bbox 0 0 1653 2848; ppageno 0'>
   <div class='ocr_carea' id='block_1_1' title="bbox 821 33 843 75">
    <p class='ocr_par' dir='ltr' id='par_1_1' title="bbox 821 33 843 75">
     <span class='ocr_line' id='line_1_1' title="bbox 821 33 843 75; baseline 0 -3"><span class='ocrx_word' id='word_1_1' title='bbox 821 33 843 75; x_wconf 83' lang='grc'>9</span> 
     </span>
    </p>
   </div>
   <div class='ocr_carea' id='block_1_2' title="bbox 125 145 1541 339">
    <p class='ocr_par' dir='ltr' id='par_1_2' title="bbox 125 145 1541 339">
     <span class='ocr_line' id='line_1_2' title="bbox 225 145 1539 203; baseline -0.002 -14"><span class='ocrx_word' id='word_1_2' title='bbox 225 149 291 189; x_wconf 90' lang='lat' dir='ltr'>Ac</span> <span class='ocrx_word' id='word_1_3' title='bbox 313 149 495 203; x_wconf 89' lang='lat' dir='ltr'>primum</span> <span class='ocrx_word' id='word_1_4' title='bbox 520 146 693 201; x_wconf 88' lang='lat' dir='ltr'>quidem</span> <span class='ocrx_word' id='word_1_5' title='bbox 715 147 756 187; x_wconf 91' lang='lat' dir='ltr'>in</span> <span class='ocrx_word' id='word_1_6' title='bbox 781 146 1093 203; x_wconf 87' lang='lat' dir='ltr'>evang.Harm.</span> <span class='ocrx_word' id='word_1_7' title='bbox 1108 145 1326 190; x_wconf 83' lang='lat' dir='ltr'>Saxonica</span> <span class='ocrx_word' id='word_1_8' title='bbox 1347 145 1539 198; x_wconf 89' lang='lat' dir='ltr'>eandem,</span> 
     </span>
     <span class='ocr_line' id='line_1_3' title="bbox 125 213 1540 271; baseline -0.001 -14"><span class='ocrx_word' id='word_1_9' title='bbox 125 229 251 270; x_wconf 87' lang='lat' dir='ltr'>quam</span> <span class='ocrx_word' id='word_1_10' title='bbox 291 215 332 256; x_wconf 89' lang='lat' dir='ltr'>in</span> <span class='ocrx_word' id='word_1_11' title='bbox 365 215 604 271; x_wconf 86' lang='lat' dir='ltr'>Anglosax.</span> <span class='ocrx_word' id='word_1_12' title='bbox 647 214 909 256; x_wconf 83' lang='lat' dir='ltr'>carminibus</span> <span class='ocrx_word' id='word_1_13' title='bbox 956 213 1307 256; x_wconf 86' lang='lat' dir='ltr'>consuetudinem</span> <span class='ocrx_word' id='word_1_14' title='bbox 1347 228 1540 270; x_wconf 75' lang='lat' dir='ltr'>regnare,</span> 
     </span>
     <span class='ocr_line' id='line_1_4' title="bbox 125 283 1541 339; baseline -0.001 -13"><span class='ocrx_word' id='word_1_15' title='bbox 125 298 216 339; x_wconf 87' lang='lat' dir='ltr'>cap.</span> <span class='ocrx_word' id='word_1_16' title='bbox 237 284 294 325; x_wconf 89' lang='lat' dir='ltr'>H.</span> <span class='ocrx_word' id='word_1_17' title='bbox 326 283 644 326; x_wconf 84' lang='lat' dir='ltr'><strong>demonstrabo.</strong></span> <span class='ocrx_word' id='word_1_18' title='bbox 706 283 817 324; x_wconf 90' lang='lat' dir='ltr'>Tum</span> <span class='ocrx_word' id='word_1_19' title='bbox 850 283 891 324; x_wconf 92' lang='lat' dir='ltr'>in</span> <span class='ocrx_word' id='word_1_20' title='bbox 925 285 1129 336; x_wconf 84' lang='lat' dir='ltr'>carmine,</span> <span class='ocrx_word' id='word_1_21' title='bbox 1162 284 1283 326; x_wconf 90' lang='lat' dir='ltr'>cuius</span> <span class='ocrx_word' id='word_1_22' title='bbox 1305 284 1456 325; x_wconf 89' lang='lat' dir='ltr'>titulus</span> <span class='ocrx_word' id='word_1_23' title='bbox 1476 290 1541 324; x_wconf 88' lang='lat' dir='ltr'>est</span> 
     </span>
    </p>
   </div>
   <div class='ocr_carea' id='block_1_3' title="bbox 126 357 1539 431">
    <p class='ocr_par' dir='ltr' id='par_1_3' title="bbox 126 357 1539 431">
     <span class='ocr_line' id='line_1_5' title="bbox 126 357 1539 431; baseline -0.001 -13"><span class='ocrx_word' id='word_1_24' title='bbox 126 375 397 431; x_wconf 84' lang='lat' dir='ltr'>„Muspilli“,</span> <span class='ocrx_word' id='word_1_25' title='bbox 429 380 638 431; x_wconf 84' lang='lat' dir='ltr'>apparent</span> <span class='ocrx_word' id='word_1_26' title='bbox 661 388 830 416; x_wconf 89' lang='lat' dir='ltr'>versus:</span> <span class='ocrx_word' id='word_1_27' title='bbox 855 376 923 418; x_wconf 83' lang='lat'>20.</span> <span class='ocrx_word' id='word_1_28' title='bbox 948 358 1126 417; x_wconf 77' lang='lat' dir='ltr'>Kerno</span> <span class='ocrx_word' id='word_1_29' title='bbox 1151 358 1274 417; x_wconf 77' lang='lat' dir='ltr'>tuoe</span> <span class='ocrx_word' id='word_1_30' title='bbox 1296 377 1365 419; x_wconf 83' lang='lat'>21.</span> <span class='ocrx_word' id='word_1_31' title='bbox 1388 357 1539 416; x_wconf 76' lang='lat' dir='ltr'>harto</span> 
     </span>
    </p>
   </div>
   <div class='ocr_carea' id='block_1_4' title="bbox 123 449 1545 2176">
    <p class='ocr_par' dir='ltr' id='par_1_4' title="bbox 123 449 1545 2176">
     <span class='ocr_line' id='line_1_6' title="bbox 124 449 1540 521; baseline -0.001 -12"><span class='ocrx_word' id='word_1_32' title='bbox 124 450 250 509; x_wconf 79' lang='lat' dir='ltr'>wi&#39;se</span> <span class='ocrx_word' id='word_1_33' title='bbox 313 470 382 511; x_wconf 78' lang='lat'>54.</span> <span class='ocrx_word' id='word_1_34' title='bbox 416 449 563 509; x_wconf 57' lang='lat' dir='ltr'>m&#39;ano</span> <span class='ocrx_word' id='word_1_35' title='bbox 605 449 781 519; x_wconf 34' lang='lat' dir='ltr'>vallilt,</span> <span class='ocrx_word' id='word_1_36' title='bbox 832 481 937 521; x_wconf 90' lang='lat' dir='ltr'>quos</span> <span class='ocrx_word' id='word_1_37' title='bbox 979 467 1269 509; x_wconf 85' lang='lat' dir='ltr'>emendandos</span> <span class='ocrx_word' id='word_1_38' title='bbox 1301 481 1393 509; x_wconf 91' lang='lat' dir='ltr'>esse</span> <span class='ocrx_word' id='word_1_39' title='bbox 1424 466 1540 508; x_wconf 74' lang='lat' dir='ltr'>Mul-</span> 
     </span>
     <span class='ocr_line' id='line_1_7' title="bbox 123 535 1540 591; baseline 0.001 -15"><span class='ocrx_word' id='word_1_40' title='bbox 123 535 350 578; x_wconf 87' lang='lat' dir='ltr'>lenhoffius</span> <span class='ocrx_word' id='word_1_41' title='bbox 389 536 432 576; x_wconf 91' lang='lat' dir='ltr'>in</span> <span class='ocrx_word' id='word_1_42' title='bbox 475 535 617 578; x_wconf 92' lang='lat' dir='ltr'>libello</span> <span class='ocrx_word' id='word_1_43' title='bbox 658 550 735 577; x_wconf 92' lang='lat' dir='ltr'>suo</span> <span class='ocrx_word' id='word_1_44' title='bbox 777 535 829 577; x_wconf 89' lang='lat' dir='ltr'>de</span> <span class='ocrx_word' id='word_1_45' title='bbox 870 550 1002 578; x_wconf 89' lang='lat' dir='ltr'>carm.</span> <span class='ocrx_word' id='word_1_46' title='bbox 1038 536 1375 578; x_wconf 87' lang='lat' dir='ltr'>Wessofontano</span> <span class='ocrx_word' id='word_1_47' title='bbox 1407 550 1451 591; x_wconf 89' lang='lat' dir='ltr'>p.</span> <span class='ocrx_word' id='word_1_48' title='bbox 1489 537 1540 578; x_wconf 71' lang='lat'>14</span> 
     </span>
     <span class='ocr_line' id='line_1_8' title="bbox 124 604 1541 661; baseline -0.001 -15"><span class='ocrx_word' id='word_1_49' title='bbox 124 604 303 646; x_wconf 85' lang='lat' dir='ltr'>censuit.</span> <span class='ocrx_word' id='word_1_50' title='bbox 366 605 529 646; x_wconf 84' lang='lat' dir='ltr'>Tamen</span> <span class='ocrx_word' id='word_1_51' title='bbox 561 605 705 646; x_wconf 89' lang='lat' dir='ltr'>nescio</span> <span class='ocrx_word' id='word_1_52' title='bbox 739 619 790 646; x_wconf 90' lang='lat' dir='ltr'>an</span> <span class='ocrx_word' id='word_1_53' title='bbox 824 613 865 646; x_wconf 89' lang='lat' dir='ltr'>et</span> <span class='ocrx_word' id='word_1_54' title='bbox 887 605 1240 661; x_wconf 82' lang='lat' dir='ltr'>Anglosaxonum</span> <span class='ocrx_word' id='word_1_55' title='bbox 1274 613 1316 646; x_wconf 88' lang='lat' dir='ltr'>et</span> <span class='ocrx_word' id='word_1_56' title='bbox 1347 611 1541 646; x_wconf 89' lang='lat' dir='ltr'>veterum</span> 
     </span>
     <span class='ocr_line' id='line_1_9' title="bbox 125 672 1540 729; baseline -0.001 -14"><span class='ocrx_word' id='word_1_57' title='bbox 125 672 345 716; x_wconf 85' lang='lat' dir='ltr'>Saxonum</span> <span class='ocrx_word' id='word_1_58' title='bbox 379 688 578 715; x_wconf 91' lang='lat' dir='ltr'>versuum</span> <span class='ocrx_word' id='word_1_59' title='bbox 600 673 842 729; x_wconf 85' lang='lat' dir='ltr'>analogiam</span> <span class='ocrx_word' id='word_1_60' title='bbox 865 674 1003 729; x_wconf 88' lang='lat' dir='ltr'>magis</span> <span class='ocrx_word' id='word_1_61' title='bbox 1025 673 1287 728; x_wconf 89' lang='lat' dir='ltr'>sequendum</span> <span class='ocrx_word' id='word_1_62' title='bbox 1312 674 1381 726; x_wconf 86' lang='lat' dir='ltr'>sit,</span> <span class='ocrx_word' id='word_1_63' title='bbox 1414 688 1540 728; x_wconf 90' lang='lat' dir='ltr'>quam</span> 
     </span>
     <span class='ocr_line' id='line_1_10' title="bbox 126 740 1541 798; baseline -0.001 -15"><span class='ocrx_word' id='word_1_64' title='bbox 126 756 246 784; x_wconf 89' lang='lat' dir='ltr'>usum</span> <span class='ocrx_word' id='word_1_65' title='bbox 281 740 463 784; x_wconf 86' lang='lat' dir='ltr'>Otfridi:</span> <span class='ocrx_word' id='word_1_66' title='bbox 505 742 574 784; x_wconf 90' lang='lat' dir='ltr'>cui</span> <span class='ocrx_word' id='word_1_67' title='bbox 615 757 746 796; x_wconf 91' lang='lat' dir='ltr'>quum</span> <span class='ocrx_word' id='word_1_68' title='bbox 777 742 818 782; x_wconf 92' lang='lat' dir='ltr'>in</span> <span class='ocrx_word' id='word_1_69' title='bbox 852 742 946 783; x_wconf 89' lang='lat' dir='ltr'>aliis</span> <span class='ocrx_word' id='word_1_70' title='bbox 980 757 1148 797; x_wconf 90' lang='lat' dir='ltr'>quoque</span> <span class='ocrx_word' id='word_1_71' title='bbox 1183 757 1401 798; x_wconf 86' lang='lat' dir='ltr'>„pressam</span> <span class='ocrx_word' id='word_1_72' title='bbox 1434 743 1541 783; x_wconf 87' lang='lat' dir='ltr'>anti-</span> 
     </span>
     <span class='ocr_line' id='line_1_11' title="bbox 125 810 1542 867; baseline -0.001 -15"><span class='ocrx_word' id='word_1_73' title='bbox 125 825 303 864; x_wconf 87' lang='lat' dir='ltr'>quorum</span> <span class='ocrx_word' id='word_1_74' title='bbox 324 810 642 867; x_wconf 88' lang='lat' dir='ltr'>simplicitatem</span> <span class='ocrx_word' id='word_1_75' title='bbox 666 811 793 851; x_wconf 90' lang='lat' dir='ltr'>citius</span> <span class='ocrx_word' id='word_1_76' title='bbox 815 810 1034 864; x_wconf 81' lang='lat' dir='ltr'>reliquerit</span> <span class='ocrx_word' id='word_1_77' title='bbox 1056 811 1346 865; x_wconf 87' lang='lat' dir='ltr'>maioremque</span> <span class='ocrx_word' id='word_1_78' title='bbox 1362 811 1542 863; x_wconf 91' lang='lat' dir='ltr'>numeri,</span> 
     </span>
     <span class='ocr_line' id='line_1_12' title="bbox 125 879 1542 935; baseline 0.001 -15"><span class='ocrx_word' id='word_1_79' title='bbox 125 880 473 934; x_wconf 83' lang='lat' dir='ltr'>aequabilitatem</span> <span class='ocrx_word' id='word_1_80' title='bbox 511 879 822 922; x_wconf 81' lang='lat' dir='ltr'>adfectaverit“</span> <span class='ocrx_word' id='word_1_81' title='bbox 865 880 992 921; x_wconf 89' lang='lat' dir='ltr'>etiam</span> <span class='ocrx_word' id='word_1_82' title='bbox 1034 880 1146 922; x_wconf 89' lang='lat' dir='ltr'>hanc</span> <span class='ocrx_word' id='word_1_83' title='bbox 1189 895 1337 922; x_wconf 91' lang='lat' dir='ltr'>versus</span> <span class='ocrx_word' id='word_1_84' title='bbox 1368 895 1542 935; x_wconf 88' lang='lat' dir='ltr'>compo-</span> 
     </span>
     <span class='ocr_line' id='line_1_13' title="bbox 126 948 1543 1003; baseline 0 -13"><span class='ocrx_word' id='word_1_85' title='bbox 126 948 253 990; x_wconf 84' lang='lat' dir='ltr'>nendi</span> <span class='ocrx_word' id='word_1_86' title='bbox 293 949 547 990; x_wconf 88' lang='lat' dir='ltr'>brevitatem</span> <span class='ocrx_word' id='word_1_87' title='bbox 587 948 832 990; x_wconf 86' lang='lat' dir='ltr'>offensionis</span> <span class='ocrx_word' id='word_1_88' title='bbox 872 949 1032 1003; x_wconf 87' lang='lat' dir='ltr'>aliquid</span> <span class='ocrx_word' id='word_1_89' title='bbox 1066 949 1266 992; x_wconf 88' lang='lat' dir='ltr'>habuisse</span> <span class='ocrx_word' id='word_1_90' title='bbox 1297 950 1423 991; x_wconf 85' lang='lat' dir='ltr'>facile</span> <span class='ocrx_word' id='word_1_91' title='bbox 1453 964 1543 991; x_wconf 89' lang='lat' dir='ltr'>cre—</span> 
     </span>
     <span class='ocr_line' id='line_1_14' title="bbox 125 1016 1542 1072; baseline 0.001 -14"><span class='ocrx_word' id='word_1_92' title='bbox 125 1017 215 1060; x_wconf 86' lang='lat' dir='ltr'>das.</span> <span class='ocrx_word' id='word_1_93' title='bbox 288 1016 418 1071; x_wconf 81' lang='lat' dir='ltr'>Quod</span> <span class='ocrx_word' id='word_1_94' title='bbox 458 1017 619 1058; x_wconf 83' lang='lat' dir='ltr'>factum</span> <span class='ocrx_word' id='word_1_95' title='bbox 661 1032 753 1059; x_wconf 88' lang='lat' dir='ltr'>esse</span> <span class='ocrx_word' id='word_1_96' title='bbox 792 1018 991 1072; x_wconf 88' lang='lat' dir='ltr'>equidem</span> <span class='ocrx_word' id='word_1_97' title='bbox 1033 1019 1270 1060; x_wconf 84' lang='lat' dir='ltr'>certissime</span> <span class='ocrx_word' id='word_1_98' title='bbox 1312 1033 1542 1071; x_wconf 83' lang='lat' dir='ltr'>censerem,</span> 
     </span>
     <span class='ocr_line' id='line_1_15' title="bbox 125 1086 1541 1141; baseline 0.001 -13"><span class='ocrx_word' id='word_1_99' title='bbox 125 1088 207 1128; x_wconf 87' lang='lat' dir='ltr'>nisi</span> <span class='ocrx_word' id='word_1_100' title='bbox 238 1102 304 1128; x_wconf 90' lang='lat' dir='ltr'>me</span> <span class='ocrx_word' id='word_1_101' title='bbox 337 1087 418 1129; x_wconf 89' lang='lat' dir='ltr'>hoc</span> <span class='ocrx_word' id='word_1_102' title='bbox 450 1086 649 1128; x_wconf 82' lang='lat' dir='ltr'>redderet</span> <span class='ocrx_word' id='word_1_103' title='bbox 682 1087 932 1140; x_wconf 80' lang='lat' dir='ltr'>cautiorem,</span> <span class='ocrx_word' id='word_1_104' title='bbox 965 1087 1094 1141; x_wconf 84' lang='lat' dir='ltr'>quod,</span> <span class='ocrx_word' id='word_1_105' title='bbox 1127 1095 1173 1129; x_wconf 90' lang='lat' dir='ltr'>ut</span> <span class='ocrx_word' id='word_1_106' title='bbox 1207 1088 1333 1129; x_wconf 91' lang='lat' dir='ltr'>modo</span> <span class='ocrx_word' id='word_1_107' title='bbox 1366 1088 1541 1129; x_wconf 89' lang='lat' dir='ltr'>demon-</span> 
     </span>
     <span class='ocr_line' id='line_1_16' title="bbox 126 1156 1543 1213; baseline 0.001 -15"><span class='ocrx_word' id='word_1_108' title='bbox 126 1157 281 1209; x_wconf 89' lang='lat' dir='ltr'>stravi,</span> <span class='ocrx_word' id='word_1_109' title='bbox 320 1156 493 1197; x_wconf 88' lang='lat' dir='ltr'>licentia</span> <span class='ocrx_word' id='word_1_110' title='bbox 532 1156 626 1209; x_wconf 90' lang='lat' dir='ltr'>illa,</span> <span class='ocrx_word' id='word_1_111' title='bbox 665 1164 711 1197; x_wconf 85' lang='lat' dir='ltr'>ut</span> <span class='ocrx_word' id='word_1_112' title='bbox 748 1157 1030 1198; x_wconf 85' lang='lat' dir='ltr'>substantivis</span> <span class='ocrx_word' id='word_1_113' title='bbox 1063 1165 1105 1198; x_wconf 88' lang='lat' dir='ltr'>et</span> <span class='ocrx_word' id='word_1_114' title='bbox 1137 1157 1364 1213; x_wconf 82' lang='lat' dir='ltr'>adjectivis</span> <span class='ocrx_word' id='word_1_115' title='bbox 1397 1168 1439 1199; x_wconf 86' lang='lat' dir='ltr'>et</span> <span class='ocrx_word' id='word_1_116' title='bbox 1468 1158 1543 1199; x_wconf 87' lang='lat' dir='ltr'>ad-</span> 
     </span>
     <span class='ocr_line' id='line_1_17' title="bbox 126 1224 1542 1279; baseline 0.001 -13"><span class='ocrx_word' id='word_1_117' title='bbox 126 1225 306 1278; x_wconf 87' lang='lat' dir='ltr'>verbiis,</span> <span class='ocrx_word' id='word_1_118' title='bbox 337 1226 399 1266; x_wconf 88' lang='lat' dir='ltr'>ita</span> <span class='ocrx_word' id='word_1_119' title='bbox 430 1239 506 1266; x_wconf 90' lang='lat' dir='ltr'>nec</span> <span class='ocrx_word' id='word_1_120' title='bbox 540 1224 782 1266; x_wconf 87' lang='lat' dir='ltr'>verbalibus</span> <span class='ocrx_word' id='word_1_121' title='bbox 814 1225 963 1266; x_wconf 91' lang='lat' dir='ltr'>formis</span> <span class='ocrx_word' id='word_1_122' title='bbox 997 1240 1074 1266; x_wconf 88' lang='lat' dir='ltr'>nec</span> <span class='ocrx_word' id='word_1_123' title='bbox 1108 1225 1329 1268; x_wconf 88' lang='lat' dir='ltr'>vocabulis</span> <span class='ocrx_word' id='word_1_124' title='bbox 1362 1227 1542 1279; x_wconf 87' lang='lat' dir='ltr'>nefne,</span> 
     </span>
     <span class='ocr_line' id='line_1_18' title="bbox 126 1293 1542 1349; baseline 0.001 -15"><span class='ocrx_word' id='word_1_125' title='bbox 126 1298 288 1346; x_wconf 63' lang='lat' dir='ltr'>offo‘e,</span> <span class='ocrx_word' id='word_1_126' title='bbox 341 1300 517 1348; x_wconf 80' lang='lat' dir='ltr'>ponne</span> <span class='ocrx_word' id='word_1_127' title='bbox 564 1300 644 1335; x_wconf 82' lang='lat' dir='ltr'>etc.</span> <span class='ocrx_word' id='word_1_128' title='bbox 701 1293 962 1336; x_wconf 87' lang='lat' dir='ltr'>conceditur.</span> <span class='ocrx_word' id='word_1_129' title='bbox 1039 1293 1170 1347; x_wconf 76' lang='lat' dir='ltr'>Quod</span> <span class='ocrx_word' id='word_1_130' title='bbox 1215 1309 1345 1349; x_wconf 89' lang='lat' dir='ltr'>quum</span> <span class='ocrx_word' id='word_1_131' title='bbox 1393 1295 1542 1337; x_wconf 89' lang='lat' dir='ltr'>eodem</span> 
     </span>
     <span class='ocr_line' id='line_1_19' title="bbox 129 1362 1545 1419; baseline 0.002 -16"><span class='ocrx_word' id='word_1_132' title='bbox 129 1363 258 1403; x_wconf 91' lang='lat' dir='ltr'>modo</span> <span class='ocrx_word' id='word_1_133' title='bbox 289 1363 333 1403; x_wconf 93' lang='lat' dir='ltr'>in</span> <span class='ocrx_word' id='word_1_134' title='bbox 365 1362 582 1405; x_wconf 78' lang='lat' dir='ltr'>Saxonico</span> <span class='ocrx_word' id='word_1_135' title='bbox 614 1369 815 1417; x_wconf 72' lang='lat' dir='ltr'>poemate</span> <span class='ocrx_word' id='word_1_136' title='bbox 848 1377 893 1405; x_wconf 90' lang='lat' dir='ltr'>se</span> <span class='ocrx_word' id='word_1_137' title='bbox 926 1362 1098 1416; x_wconf 87' lang='lat' dir='ltr'>habeat,</span> <span class='ocrx_word' id='word_1_138' title='bbox 1141 1364 1317 1406; x_wconf 90' lang='lat' dir='ltr'>licentia</span> <span class='ocrx_word' id='word_1_139' title='bbox 1348 1365 1545 1419; x_wconf 86' lang='lat' dir='ltr'>profecta</span> 
     </span>
     <span class='ocr_line' id='line_1_20' title="bbox 126 1431 1543 1489; baseline 0.001 -16"><span class='ocrx_word' id='word_1_140' title='bbox 126 1431 296 1473; x_wconf 87' lang='lat' dir='ltr'>videtur</span> <span class='ocrx_word' id='word_1_141' title='bbox 325 1448 350 1472; x_wconf 90' lang='lat' dir='ltr'>a</span> <span class='ocrx_word' id='word_1_142' title='bbox 380 1432 527 1474; x_wconf 88' lang='lat' dir='ltr'>formis</span> <span class='ocrx_word' id='word_1_143' title='bbox 550 1432 785 1486; x_wconf 88' lang='lat' dir='ltr'>antiquitus</span> <span class='ocrx_word' id='word_1_144' title='bbox 817 1432 990 1474; x_wconf 88' lang='lat' dir='ltr'>ultimas</span> <span class='ocrx_word' id='word_1_145' title='bbox 1019 1433 1206 1488; x_wconf 85' lang='lat' dir='ltr'>syllabas</span> <span class='ocrx_word' id='word_1_146' title='bbox 1238 1434 1543 1489; x_wconf 87' lang='lat' dir='ltr'>praebentibus</span> 
     </span>
     <span class='ocr_line' id='line_1_21' title="bbox 127 1500 1542 1558; baseline 0.003 -17"><span class='ocrx_word' id='word_1_147' title='bbox 127 1501 298 1556; x_wconf 90' lang='lat' dir='ltr'>longas,</span> <span class='ocrx_word' id='word_1_148' title='bbox 330 1500 485 1542; x_wconf 89' lang='lat' dir='ltr'>deinde</span> <span class='ocrx_word' id='word_1_149' title='bbox 516 1508 690 1543; x_wconf 81' lang='lat' dir='ltr'>extenta</span> <span class='ocrx_word' id='word_1_150' title='bbox 721 1516 813 1543; x_wconf 89' lang='lat' dir='ltr'>esse</span> <span class='ocrx_word' id='word_1_151' title='bbox 847 1501 902 1542; x_wconf 89' lang='lat' dir='ltr'>ad</span> <span class='ocrx_word' id='word_1_152' title='bbox 934 1502 1038 1543; x_wconf 91' lang='lat' dir='ltr'>alias</span> <span class='ocrx_word' id='word_1_153' title='bbox 1071 1517 1263 1556; x_wconf 89' lang='lat' dir='ltr'>quoque,</span> <span class='ocrx_word' id='word_1_154' title='bbox 1295 1517 1425 1557; x_wconf 84' lang='lat' dir='ltr'>quae,</span> <span class='ocrx_word' id='word_1_155' title='bbox 1459 1518 1542 1558; x_wconf 91' lang='lat' dir='ltr'>quo</span> 
     </span>
     <span class='ocr_line' id='line_1_22' title="bbox 126 1568 1540 1626; baseline 0.002 -16"><span class='ocrx_word' id='word_1_156' title='bbox 126 1568 280 1610; x_wconf 87' lang='lat' dir='ltr'>habitu</span> <span class='ocrx_word' id='word_1_157' title='bbox 326 1576 470 1623; x_wconf 82' lang='lat' dir='ltr'>erant,</span> <span class='ocrx_word' id='word_1_158' title='bbox 516 1584 661 1611; x_wconf 87' lang='lat' dir='ltr'>earum</span> <span class='ocrx_word' id='word_1_159' title='bbox 713 1570 952 1626; x_wconf 86' lang='lat' dir='ltr'>analogiam</span> <span class='ocrx_word' id='word_1_160' title='bbox 998 1571 1201 1612; x_wconf 86' lang='lat' dir='ltr'>facillime</span> <span class='ocrx_word' id='word_1_161' title='bbox 1248 1579 1540 1626; x_wconf 87' lang='lat' dir='ltr'>sequerentur.</span> 
     </span>
     <span class='ocr_line' id='line_1_23' title="bbox 131 1637 1542 1698; baseline 0.001 -17"><span class='ocrx_word' id='word_1_162' title='bbox 131 1637 206 1681; x_wconf 85' lang='lat' dir='ltr'>Sic</span> <span class='ocrx_word' id='word_1_163' title='bbox 247 1652 372 1679; x_wconf 87' lang='lat' dir='ltr'>casus</span> <span class='ocrx_word' id='word_1_164' title='bbox 411 1638 455 1679; x_wconf 91' lang='lat' dir='ltr'>in</span> <span class='ocrx_word' id='word_1_165' title='bbox 495 1638 666 1680; x_wconf 84' lang='lat' dir='ltr'>brevem</span> <span class='ocrx_word' id='word_1_166' title='bbox 706 1639 915 1695; x_wconf 88' lang='lat' dir='ltr'>syllabam</span> <span class='ocrx_word' id='word_1_167' title='bbox 949 1639 1193 1682; x_wconf 88' lang='lat' dir='ltr'>desinentes</span> <span class='ocrx_word' id='word_1_168' title='bbox 1224 1640 1268 1681; x_wconf 91' lang='lat' dir='ltr'>in</span> <span class='ocrx_word' id='word_1_169' title='bbox 1301 1642 1542 1698; x_wconf 84' lang='lat' dir='ltr'>analogiam</span> 
     </span>
     <span class='ocr_line' id='line_1_24' title="bbox 128 1708 1543 1764; baseline 0.003 -16"><span class='ocrx_word' id='word_1_170' title='bbox 128 1721 303 1748; x_wconf 88' lang='lat' dir='ltr'>casuum</span> <span class='ocrx_word' id='word_1_171' title='bbox 335 1708 571 1761; x_wconf 84' lang='lat' dir='ltr'>antiquitus</span> <span class='ocrx_word' id='word_1_172' title='bbox 603 1708 645 1748; x_wconf 89' lang='lat' dir='ltr'>in</span> <span class='ocrx_word' id='word_1_173' title='bbox 677 1708 851 1764; x_wconf 83' lang='lat' dir='ltr'>longam</span> <span class='ocrx_word' id='word_1_174' title='bbox 882 1709 1092 1764; x_wconf 83' lang='lat' dir='ltr'>syllabam</span> <span class='ocrx_word' id='word_1_175' title='bbox 1128 1709 1438 1763; x_wconf 87' lang='lat' dir='ltr'>desinentium,</span> <span class='ocrx_word' id='word_1_176' title='bbox 1469 1711 1543 1752; x_wconf 87' lang='lat' dir='ltr'>ad-</span> 
     </span>
     <span class='ocr_line' id='line_1_25' title="bbox 133 1774 1543 1834; baseline 0.004 -19"><span class='ocrx_word' id='word_1_177' title='bbox 133 1774 280 1816; x_wconf 91' lang='lat' dir='ltr'>verbia</span> <span class='ocrx_word' id='word_1_178' title='bbox 311 1790 465 1830; x_wconf 90' lang='lat' dir='ltr'>uppe,</span> <span class='ocrx_word' id='word_1_179' title='bbox 497 1778 608 1828; x_wconf 72' lang='lat' dir='ltr'>fite,</span> <span class='ocrx_word' id='word_1_180' title='bbox 640 1776 760 1817; x_wconf 86' lang='lat' dir='ltr'>aefre</span> <span class='ocrx_word' id='word_1_181' title='bbox 793 1777 939 1828; x_wconf 89' lang='lat' dir='ltr'>inne,</span> <span class='ocrx_word' id='word_1_182' title='bbox 972 1780 1096 1818; x_wconf 70' lang='lat' dir='ltr'>sona</span> <span class='ocrx_word' id='word_1_183' title='bbox 1127 1779 1169 1818; x_wconf 91' lang='lat' dir='ltr'>in</span> <span class='ocrx_word' id='word_1_184' title='bbox 1203 1779 1442 1834; x_wconf 81' lang='lat' dir='ltr'>analogiam</span> <span class='ocrx_word' id='word_1_185' title='bbox 1469 1778 1543 1820; x_wconf 86' lang='lat' dir='ltr'>ad-</span> 
     </span>
     <span class='ocr_line' id='line_1_26' title="bbox 130 1844 1544 1903; baseline 0.004 -19"><span class='ocrx_word' id='word_1_186' title='bbox 130 1844 372 1886; x_wconf 86' lang='lat' dir='ltr'>verbiorum</span> <span class='ocrx_word' id='word_1_187' title='bbox 397 1844 636 1898; x_wconf 88' lang='lat' dir='ltr'>antiquitus</span> <span class='ocrx_word' id='word_1_188' title='bbox 657 1845 701 1885; x_wconf 91' lang='lat' dir='ltr'>in</span> <span class='ocrx_word' id='word_1_189' title='bbox 734 1846 759 1886; x_wconf 87' lang='grc' dir='ltr'>ὀ</span> <span class='ocrx_word' id='word_1_190' title='bbox 785 1845 1066 1887; x_wconf 87' lang='lat' dir='ltr'>desinentium</span> <span class='ocrx_word' id='word_1_191' title='bbox 1090 1846 1297 1888; x_wconf 84' lang='lat' dir='ltr'>cecidisse</span> <span class='ocrx_word' id='word_1_192' title='bbox 1321 1849 1425 1889; x_wconf 85' lang='lat' dir='ltr'>satis</span> <span class='ocrx_word' id='word_1_193' title='bbox 1445 1864 1544 1903; x_wconf 85' lang='lat' dir='ltr'>pro-</span> 
     </span>
     <span class='ocr_line' id='line_1_27' title="bbox 130 1912 1543 1971; baseline 0.004 -18"><span class='ocrx_word' id='word_1_194' title='bbox 130 1912 268 1954; x_wconf 90' lang='lat' dir='ltr'>babile</span> <span class='ocrx_word' id='word_1_195' title='bbox 309 1922 386 1954; x_wconf 84' lang='lat' dir='ltr'>est.</span> <span class='ocrx_word' id='word_1_196' title='bbox 449 1915 512 1954; x_wconf 87' lang='lat' dir='ltr'>At</span> <span class='ocrx_word' id='word_1_197' title='bbox 551 1912 778 1954; x_wconf 90' lang='lat' dir='ltr'>verborum</span> <span class='ocrx_word' id='word_1_198' title='bbox 818 1929 892 1955; x_wconf 88' lang='lat' dir='ltr'>eae</span> <span class='ocrx_word' id='word_1_199' title='bbox 930 1915 1112 1967; x_wconf 86' lang='lat' dir='ltr'>formae,</span> <span class='ocrx_word' id='word_1_200' title='bbox 1158 1929 1266 1969; x_wconf 87' lang='lat' dir='ltr'>quae</span> <span class='ocrx_word' id='word_1_201' title='bbox 1308 1916 1543 1971; x_wconf 86' lang='lat' dir='ltr'>antiquitus</span> 
     </span>
     <span class='ocr_line' id='line_1_28' title="bbox 128 1981 1544 2038; baseline 0.004 -16"><span class='ocrx_word' id='word_1_202' title='bbox 128 1981 429 2023; x_wconf 88' lang='lat' dir='ltr'>clauderentur</span> <span class='ocrx_word' id='word_1_203' title='bbox 451 1981 580 2037; x_wconf 88' lang='lat' dir='ltr'>longa</span> <span class='ocrx_word' id='word_1_204' title='bbox 603 1981 784 2037; x_wconf 85' lang='lat' dir='ltr'>syllaba,</span> <span class='ocrx_word' id='word_1_205' title='bbox 806 1983 940 2024; x_wconf 88' lang='lat' dir='ltr'>multo</span> <span class='ocrx_word' id='word_1_206' title='bbox 964 1983 1186 2038; x_wconf 90' lang='lat' dir='ltr'>pauciores</span> <span class='ocrx_word' id='word_1_207' title='bbox 1207 1985 1378 2026; x_wconf 86' lang='lat' dir='ltr'>fuerunt</span> <span class='ocrx_word' id='word_1_208' title='bbox 1395 1992 1544 2027; x_wconf 84' lang='lat' dir='ltr'>contra</span> 
     </span>
     <span class='ocr_line' id='line_1_29' title="bbox 133 2051 1544 2108; baseline 0.004 -17"><span class='ocrx_word' id='word_1_209' title='bbox 133 2065 331 2107; x_wconf 87' lang='lat' dir='ltr'>magnam</span> <span class='ocrx_word' id='word_1_210' title='bbox 370 2051 486 2092; x_wconf 89' lang='lat' dir='ltr'>brevi</span> <span class='ocrx_word' id='word_1_211' title='bbox 528 2051 694 2107; x_wconf 89' lang='lat' dir='ltr'>syllaba</span> <span class='ocrx_word' id='word_1_212' title='bbox 724 2051 967 2093; x_wconf 86' lang='lat' dir='ltr'>clausarum</span> <span class='ocrx_word' id='word_1_213' title='bbox 1001 2053 1192 2107; x_wconf 85' lang='lat' dir='ltr'>copiam,</span> <span class='ocrx_word' id='word_1_214' title='bbox 1224 2068 1351 2108; x_wconf 89' lang='lat' dir='ltr'>quam</span> <span class='ocrx_word' id='word_1_215' title='bbox 1384 2061 1432 2096; x_wconf 85' lang='lat' dir='ltr'>ut</span> <span class='ocrx_word' id='word_1_216' title='bbox 1464 2054 1544 2096; x_wconf 87' lang='lat' dir='ltr'>hae</span> 
     </span>
     <span class='ocr_line' id='line_1_30' title="bbox 127 2119 1138 2176; baseline 0.004 -17"><span class='ocrx_word' id='word_1_217' title='bbox 127 2120 168 2159; x_wconf 90' lang='lat' dir='ltr'>in</span> <span class='ocrx_word' id='word_1_218' title='bbox 199 2119 365 2160; x_wconf 89' lang='lat' dir='ltr'>illarum</span> <span class='ocrx_word' id='word_1_219' title='bbox 399 2119 642 2175; x_wconf 89' lang='lat' dir='ltr'>analogiam</span> <span class='ocrx_word' id='word_1_220' title='bbox 675 2120 830 2162; x_wconf 89' lang='lat' dir='ltr'>cadere</span> <span class='ocrx_word' id='word_1_221' title='bbox 862 2128 1050 2176; x_wconf 85' lang='lat' dir='ltr'>possent.</span> <span class='ocrx_word' id='word_1_222' title='bbox 1088 2147 1138 2151; x_wconf 94' lang='lat'><strong>—</strong></span> 
     </span>
    </p>
   </div>
   <div class='ocr_carea' id='block_1_5' title="bbox 131 2207 1546 2607">
    <p class='ocr_par' dir='ltr' id='par_1_5' title="bbox 131 2207 1546 2607">
     <span class='ocr_line' id='line_1_31' title="bbox 248 2207 1545 2267; baseline 0.003 -18"><span class='ocrx_word' id='word_1_223' title='bbox 248 2207 457 2260; x_wconf 75' lang='lat' dir='ltr'>Ceterum,</span> <span class='ocrx_word' id='word_1_224' title='bbox 491 2223 609 2262; x_wconf 87' lang='lat' dir='ltr'>cave,</span> <span class='ocrx_word' id='word_1_225' title='bbox 641 2224 692 2250; x_wconf 92' lang='lat' dir='ltr'>ne</span> <span class='ocrx_word' id='word_1_226' title='bbox 725 2225 873 2251; x_wconf 87' lang='lat' dir='ltr'>versus</span> <span class='ocrx_word' id='word_1_227' title='bbox 905 2210 957 2252; x_wconf 89' lang='lat' dir='ltr'>de</span> <span class='ocrx_word' id='word_1_228' title='bbox 989 2210 1142 2265; x_wconf 90' lang='lat' dir='ltr'>quibus</span> <span class='ocrx_word' id='word_1_229' title='bbox 1171 2210 1251 2252; x_wconf 87' lang='lat' dir='ltr'>hac</span> <span class='ocrx_word' id='word_1_230' title='bbox 1272 2212 1545 2267; x_wconf 87' lang='lat' dir='ltr'>paragrapho</span> 
     </span>
     <span class='ocr_line' id='line_1_32' title="bbox 131 2276 1542 2333; baseline 0.004 -16"><span class='ocrx_word' id='word_1_231' title='bbox 131 2276 435 2329; x_wconf 89' lang='lat' dir='ltr'>disseruimus,</span> <span class='ocrx_word' id='word_1_232' title='bbox 467 2293 549 2319; x_wconf 89' lang='lat' dir='ltr'>non</span> <span class='ocrx_word' id='word_1_233' title='bbox 590 2286 774 2333; x_wconf 85' lang='lat' dir='ltr'>quatuor</span> <span class='ocrx_word' id='word_1_234' title='bbox 813 2279 888 2321; x_wconf 90' lang='lat' dir='ltr'>sed</span> <span class='ocrx_word' id='word_1_235' title='bbox 921 2286 1007 2321; x_wconf 87' lang='lat' dir='ltr'>tres</span> <span class='ocrx_word' id='word_1_236' title='bbox 1038 2280 1150 2322; x_wconf 87' lang='lat' dir='ltr'>ictus</span> <span class='ocrx_word' id='word_1_237' title='bbox 1183 2279 1340 2322; x_wconf 88' lang='lat' dir='ltr'>habere</span> <span class='ocrx_word' id='word_1_238' title='bbox 1373 2281 1542 2332; x_wconf 90' lang='lat' dir='ltr'>credas;</span> 
     </span>
     <span class='ocr_line' id='line_1_33' title="bbox 131 2346 1546 2404; baseline 0.003 -18"><span class='ocrx_word' id='word_1_239' title='bbox 131 2360 239 2400; x_wconf 87' lang='lat' dir='ltr'>quae</span> <span class='ocrx_word' id='word_1_240' title='bbox 280 2346 491 2388; x_wconf 85' lang='lat' dir='ltr'>sententia</span> <span class='ocrx_word' id='word_1_241' title='bbox 532 2361 659 2401; x_wconf 90' lang='lat' dir='ltr'>quam</span> <span class='ocrx_word' id='word_1_242' title='bbox 700 2348 807 2389; x_wconf 87' lang='lat' dir='ltr'>falsa</span> <span class='ocrx_word' id='word_1_243' title='bbox 846 2349 924 2400; x_wconf 88' lang='lat' dir='ltr'>sit,</span> <span class='ocrx_word' id='word_1_244' title='bbox 965 2355 1012 2389; x_wconf 86' lang='lat' dir='ltr'>ut</span> <span class='ocrx_word' id='word_1_245' title='bbox 1044 2363 1096 2389; x_wconf 81' lang='lat' dir='ltr'>ex</span> <span class='ocrx_word' id='word_1_246' title='bbox 1127 2364 1177 2389; x_wconf 93' lang='lat' dir='ltr'>eo</span> <span class='ocrx_word' id='word_1_247' title='bbox 1208 2349 1325 2404; x_wconf 91' lang='lat' dir='ltr'>ipso,</span> <span class='ocrx_word' id='word_1_248' title='bbox 1357 2349 1472 2403; x_wconf 88' lang='lat' dir='ltr'>quod</span> <span class='ocrx_word' id='word_1_249' title='bbox 1503 2356 1546 2390; x_wconf 90' lang='lat' dir='ltr'>et</span> 
     </span>
     <span class='ocr_line' id='line_1_34' title="bbox 131 2415 1545 2469; baseline 0.003 -14"><span class='ocrx_word' id='word_1_250' title='bbox 131 2415 326 2456; x_wconf 89' lang='lat' dir='ltr'>verbales</span> <span class='ocrx_word' id='word_1_251' title='bbox 356 2416 517 2456; x_wconf 91' lang='lat' dir='ltr'>formae</span> <span class='ocrx_word' id='word_1_252' title='bbox 549 2424 591 2456; x_wconf 83' lang='lat' dir='ltr'>et</span> <span class='ocrx_word' id='word_1_253' title='bbox 613 2416 824 2458; x_wconf 86' lang='lat' dir='ltr'>vocabula</span> <span class='ocrx_word' id='word_1_254' title='bbox 856 2418 1036 2469; x_wconf 88' lang='lat' dir='ltr'>nefne,</span> <span class='ocrx_word' id='word_1_255' title='bbox 1068 2422 1198 2459; x_wconf 58' lang='grc' dir='ltr'>οὔδε</span> <span class='ocrx_word' id='word_1_256' title='bbox 1231 2424 1313 2459; x_wconf 88' lang='lat' dir='ltr'>etc.</span> <span class='ocrx_word' id='word_1_257' title='bbox 1347 2418 1545 2459; x_wconf 83' lang='lat' dir='ltr'>licentiae</span> 
     </span>
     <span class='ocr_line' id='line_1_35' title="bbox 131 2483 1545 2542; baseline 0.003 -19"><span class='ocrx_word' id='word_1_258' title='bbox 131 2483 192 2524; x_wconf 92' lang='lat' dir='ltr'>illi</span> <span class='ocrx_word' id='word_1_259' title='bbox 224 2498 307 2524; x_wconf 93' lang='lat' dir='ltr'>non</span> <span class='ocrx_word' id='word_1_260' title='bbox 339 2483 520 2537; x_wconf 86' lang='lat' dir='ltr'>cedunt,</span> <span class='ocrx_word' id='word_1_261' title='bbox 560 2485 621 2525; x_wconf 84' lang='lat' dir='ltr'>ita</span> <span class='ocrx_word' id='word_1_262' title='bbox 653 2486 890 2527; x_wconf 85' lang='lat' dir='ltr'>certissime</span> <span class='ocrx_word' id='word_1_263' title='bbox 923 2502 974 2527; x_wconf 81' lang='lat' dir='ltr'>ex</span> <span class='ocrx_word' id='word_1_264' title='bbox 1007 2501 1056 2527; x_wconf 88' lang='lat' dir='ltr'>eo</span> <span class='ocrx_word' id='word_1_265' title='bbox 1090 2494 1231 2542; x_wconf 85' lang='lat' dir='ltr'>patet,</span> <span class='ocrx_word' id='word_1_266' title='bbox 1273 2486 1387 2540; x_wconf 90' lang='lat' dir='ltr'>quod</span> <span class='ocrx_word' id='word_1_267' title='bbox 1420 2501 1545 2528; x_wconf 83' lang='lat' dir='ltr'>voca-</span> 
     </span>
     <span class='ocr_line' id='line_1_36' title="bbox 132 2552 1546 2607; baseline 0.001 -15"><span class='ocrx_word' id='word_1_268' title='bbox 132 2552 300 2604; x_wconf 86' lang='lat' dir='ltr'>bulum,</span> <span class='ocrx_word' id='word_1_269' title='bbox 343 2552 462 2593; x_wconf 89' lang='lat' dir='ltr'>cuius</span> <span class='ocrx_word' id='word_1_270' title='bbox 495 2553 660 2607; x_wconf 85' lang='lat' dir='ltr'>syllaba</span> <span class='ocrx_word' id='word_1_271' title='bbox 691 2553 890 2595; x_wconf 79' lang='lat' dir='ltr'>radicalis</span> <span class='ocrx_word' id='word_1_272' title='bbox 925 2554 1066 2595; x_wconf 86' lang='lat' dir='ltr'>brevis</span> <span class='ocrx_word' id='word_1_273' title='bbox 1098 2555 1177 2606; x_wconf 85' lang='lat' dir='ltr'>sit,</span> <span class='ocrx_word' id='word_1_274' title='bbox 1219 2556 1279 2596; x_wconf 90' lang='lat' dir='ltr'>sic</span> <span class='ocrx_word' id='word_1_275' title='bbox 1312 2569 1393 2595; x_wconf 93' lang='lat' dir='ltr'>non</span> <span class='ocrx_word' id='word_1_276' title='bbox 1426 2569 1546 2596; x_wconf 87' lang='lat' dir='ltr'>usur-</span> 
     </span>
    </p>
   </div>
  </div>
 </body>
</html>
