1653 2848
754 33 807 74 27

76 150 193 205 leges
239 154 485 203 sequuntur.
550 147 718 201 Quibus
760 148 944 202 demptis
985 147 1069 188 duo
1112 156 1276 189 tantum
1319 147 1489 203 regulae

77 224 342 274 repugnant,
384 232 490 272 quos
532 217 819 259 emendandos
867 231 958 258 esse
998 217 1331 259 luculentissime
1373 223 1489 271 patet

79 302 128 329 ex
162 286 255 328 aliis
288 301 481 340 quoque,
524 301 631 340 quae
663 285 912 327 offensionis
946 285 1207 338 aliquantum
1241 285 1488 340 praebeant.

78 378 244 420 Horum
278 378 387 419 enim
420 378 461 418 in
495 378 644 430 altero,
686 393 720 418 V.
744 375 884 421 2693b
918 367 1050 430 (lare
1091 376 1345 432 gebearh)
1379 378 1489 418 lare

75 462 160 489 vox
206 461 311 488 crux
367 454 432 489 est
486 446 753 502 interpretis;
808 455 848 487 et
905 460 1050 500 quanr
1094 446 1488 501 interpret-ationem

79 515 282 560 Greinius
314 515 488 558 exhibet
512 514 674 570 (Gloss.
700 515 741 556 II
777 516 854 557 sub
887 516 962 556 lar
996 514 1079 556 No.
1105 518 1146 569 ὃ)
1181 516 1306 568 „mit
1339 516 1486 557 List“

80 593 126 627 ut-
157 585 263 638 alio,
306 600 390 639 quo
422 586 501 627 lar
534 586 789 627 vocabulum
823 599 956 639 aeque
987 592 1238 640 usurpetur,
1278 584 1373 627 loco
1407 599 1487 626 non

79 655 317 708 confirmat,
346 655 408 696 ita
438 654 652 709 quomodo
686 669 707 695 e
740 654 958 709 primitiva
991 654 1108 695 vocis
1142 656 1180 694 vi
1214 653 1369 695 deduci
1394 669 1491 709 pos-

80 724 150 776 sit,
183 723 381 778 equidem
414 738 494 780 ego
527 738 796 778 nequaquam
829 723 966 764 video.
1015 721 1143 775 Quod
1178 737 1305 776 quum
1338 724 1397 764 ita
1421 724 1490 775 sit,

80 800 178 835 ante
216 793 327 834 lare
371 793 530 848 aliquid
572 808 725 836 censeo
759 807 1012 848 oppressum
1046 807 1148 834 esse.
1215 794 1363 847 Atque
1395 793 1490 846 „be

79 862 302 905 heortan
349 862 495 904 lare“
544 878 568 904 a
613 863 696 904 loci
729 863 941 904 sententia
973 861 1143 903 videtur
1183 877 1265 903 non
1307 863 1490 904 aliemun

78 946 171 974 esse
195 932 328 985 („wie
349 931 429 973 mir
451 932 562 973 mein
586 931 684 973 herz
708 932 817 973 riet“
841 931 894 973 of.
918 931 978 972 be
1009 930 1161 972 fader
1192 931 1303 973 lare
1325 934 1442 981 ete.).

188 1023 341 1079 Neque
364 1024 501 1065 minus
524 1024 702 1065 alterum
728 1022 1045 1067 versum2189b
1066 1010 1276 1079 (hyrste
1307 1010 1490 1080 gerim)

83 1102 187 1150 puto
220 1100 458 1150 aegrotare.

188 1173 350 1215 Versus
390 1174 499 1214 enim
543 1172 657 1217 2189
703 1182 743 1213 et
785 1173 898 1216 2190
944 1174 984 1213 in
1026 1171 1258 1214 Greiniana
1306 1172 1491 1214 editione

81 1245 141 1286 sic
173 1242 432 1299 procedunt:

281 1335 396 1378 2189
429 1320 596 1377 Soeava
628 1335 803 1376 heofon!
850 1338 856 1383 l
899 1336 1045 1391 hyrste
1078 1326 1212 1390 gerim

284 1429 399 1473 2190
430 1414 607 1470 rodores
649 1419 808 1483 tungel.

82 1524 166 1564 quo
197 1510 291 1551 loco
323 1508 505 1564 hyrste
539 1523 620 1548 vox
654 1508 743 1549 sine
778 1508 862 1549 ullo
895 1508 1104 1549 attributo
1127 1508 1240 1549 idem
1264 1509 1492 1564 significat,

82 1578 195 1633 quod
237 1577 496 1631 „rodores
535 1577 774 1633 tungel“;
827 1576 870 1617 id
919 1577 1032 1631 quod
1080 1577 1170 1618 fieri
1219 1593 1345 1633 posse
1382 1593 1491 1634 nego

82 1655 209 1702 atque
243 1661 444 1702 pernego.
508 1644 647 1698 Quem
682 1653 824 1687 autem
857 1646 999 1687 locum
1023 1644 1227 1688 Greinius
1259 1647 1313 1688 ad
1344 1647 1492 1689 lectio-

82 1732 175 1758 nem
225 1731 343 1758 suam
394 1715 660 1771 probandam
709 1715 835 1757 affert
867 1713 1071 1767 (Glossar
1102 1715 1169 1767 II,
1202 1717 1309 1770 133)
1351 1732 1402 1758 ex
1442 1732 1491 1758 eo

81 1801 258 1842 prorsus
297 1785 400 1825 nibil
445 1784 640 1825 efficitur.
713 1784 793 1826 Est
830 1799 926 1839 gen.
969 1800 1008 1825 v.
1039 1785 1122 1827 95ss
1166 1785 1491 1841 „hyrstedne

83 1855 205 1897 hrof
230 1854 439 1909 halgum
471 1853 761 1908 tu11glum“‚
795 1852 865 1894 ubi
900 1852 1187 1908 hyrstedne
1215 1855 1490 1910 participium

82 1925 186 1966 satis
218 1923 440 1965 definitum
473 1930 537 1964 est
571 1922 709 1963 verbis
743 1922 950 1977 halgum
986 1923 1243 1978 tuuglum.

202 2016 409 2068 Accedit,
456 2015 570 2070 quod
618 2015 726 2056 tales
775 2029 945 2065 versus,
998 2015 1134 2069 qualis
1187 2024 1251 2056 est
1303 2003 1493 2057 sceava

84 2097 300 2160 heofon‚
343 2109 378 2149 si
419 2123 504 2149 non
537 2107 661 2162 plane
693 2122 717 2147 a
749 2104 1072 2148 Caedmoniano
1106 2121 1184 2148 usu
1217 2106 1492 2149 abiudioandi

83 2183 198 2229 sunt,
236 2184 376 2217 tamen
410 2190 461 2217 ne
494 2175 690 2230 cupidius
723 2189 796 2216 eos
828 2175 1150 2229 amplectamur,
1183 2190 1336 2217 cavere
1367 2175 1494 2218 debe-

86 2260 189 2287 mus.
253 2243 321 2287 Cf.
355 2245 392 2299 ξ
417 2246 441 2288 2
476 2260 515 2299 p.
540 2245 580 2287 8.

203 2338 259 2378 Et
299 2338 340 2378 in
382 2352 508 2379 versu
547 2324 740 2378 sceava
780 2322 972 2378 heofon
1014 2351 1097 2378 non
1142 2336 1325 2378 verbalis
1365 2336 1492 2378 modo

84 2431 222 2472 forma
252 2433 447 2472 sceava
478 2430 552 2472 sed
585 2431 712 2471 etiam
746 2430 936 2471 heofon
972 2445 1051 2471 vox
1087 2429 1253 2471 duobus
1286 2430 1494 2470 instructa

84 2500 240 2541 ictibus
278 2498 524 2541 offensionis
559 2500 718 2553 aliquid
751 2499 908 2541 habere
943 2499 1132 2551 videtur,
1172 2514 1298 2552 quum
1335 2512 1493 2546 versus,

84 2569 126 2609 in
160 2568 314 2622 quibus
347 2569 470 2609 simul
504 2575 682 2622 utraque
714 2569 887 2609 lieentia
921 2569 1057 2609 locum
1084 2568 1253 2613 habeat,
1286 2581 1491 2620 nusquam
