1653 2848
774 40 823 80 15

97 169 244 198 versus
276 158 370 209 pat
403 153 500 194 him
534 152 787 207 adsumptis.
853 154 921 193 An
955 152 1150 193 fultum
1192 165 1233 193 et
1265 153 1397 208 fylst
1429 168 1501 193 vo-

95 240 166 267 ces
198 223 414 280 pertinent
445 221 498 264 ad
532 221 708 263 latinum
742 221 920 262 verbum
952 221 1170 264 fulcire?
1204 249 1255 253 -

212 302 376 345 Omnes
398 308 555 355 autem,
587 315 693 356 quos
717 301 796 343 hac
819 302 861 342 in
883 301 1158 356 paragrapho
1182 300 1322 343 adhuc
1345 308 1503 344 tracta-

97 373 248 425 vimus,
280 386 429 414 versus
460 385 564 413 cave
593 386 644 412 ne
667 370 876 412 ternarios
899 385 991 412 esse
1014 370 1183 421 credas3
1217 371 1376 426 quippe
1397 385 1503 424 quos

95 441 391 497 quaternarios
422 455 530 494 esse,
566 447 614 481 ut
645 455 697 482 ex
729 455 779 481 eo
811 440 907 495 ipso
939 445 1073 494 patet,
1106 439 1220 493 quod
1253 439 1503 495 trisyllabae

97 525 240 563 voces,
270 524 378 565 quae
410 525 493 551 non
525 509 611 551 sint
642 508 894 564 composita,
926 507 1122 550 licentiae
1144 509 1203 550 illi
1227 524 1310 550 non
1333 508 1505 560 cedunt,

94 581 156 622 ita
185 578 520 622 luculentissime
552 593 604 619 ex
633 577 876 620 huiusmodi
910 577 1121 620 versibus:

155 672 205 712 B.
242 671 354 715 1856
417 648 559 713 Gesta
591 649 759 711 lebdum
789 672 794 720 Ι
823 655 905 711 and
940 655 1192 711 Gardenum

154 764 204 805 B.
238 764 346 806 2341
415 748 504 804 sind
536 748 612 804 vi'ff
638 748 722 817 fige
752 764 756 815 ι
785 748 954 803 soe'olde
994 747 1189 817 iz'endaga

156 855 266 899 Gen.
290 855 374 899 513
435 843 536 896 ufan
569 840 737 896 alvalda
764 855 771 906 l
799 840 892 895 nele
924 857 988 908 pu
1019 832 1189 896 earfeffii
1223 861 1303 895 etc.

97 957 250 1012 quibus
287 957 330 998 in
369 955 588 1007 versibus,
637 956 672 997 si
712 956 829 1011 legas
862 955 1113 998 Gardenun]
1153 956 1218 997 vel
1260 939 1431 998 earfeffu
1463 956 1503 995 in

980 1014 1068 1032 ψ
1336 1014 1423 1032 &d

98 1050 181 1092 alia
220 1048 405 1104 quadam
446 1048 539 1104 lege
581 1046 634 1089 ad
668 1048 994 1090 alliterationem
1029 1048 1287 1103 pertinente,
1338 1047 1389 1089 de
1421 1062 1505 1101 qua

98 1120 137 1174 ξ.
168 1119 196 1162 8
233 1118 486 1173 disputabo,
533 1131 701 1172 peccas.
773 1116 1005 1159 Praeterea
1052 1131 1198 1159 versus
1244 1117 1418 1158 ternarii
1463 1117 1503 1157 in

97 1204 223 1231 unam
256 1187 464 1243 syllabam
497 1187 665 1242 longam
700 1195 828 1240 atque
859 1187 948 1228 ictu
980 1186 1233 1228 instructam
1265 1186 1507 1228 desinentes

98 1273 182 1299 non
214 1262 399 1308 exstant,
432 1261 519 1307 aut,
552 1255 587 1296 si
619 1261 813 1307 exstant,
863 1262 962 1296 sunt
994 1256 1171 1310 speciali
1205 1256 1413 1310 quodam,
1454 1255 1505 1297 de

97 1341 182 1380 quo
213 1324 530 1367 excusationem
563 1330 727 1378 petant,
760 1323 908 1365 habitu
941 1324 1018 1377 (cf.
1053 1325 1090 1379 ξ.
1112 1327 1175 1376 5).

216 1405 362 1458 Atque
401 1403 529 1444 etiam
563 1402 786 1443 verborum
819 1403 1025 1458 praerita‚
1073 1404 1216 1457 qualia
1254 1412 1352 1445 sunt
1392 1419 1505 1445 ear-

98 1473 254 1526 dode,
294 1471 539 1527 panc-ode
579 1478 660 1513 etc.
700 1471 868 1525 eadem,
909 1486 1034 1526 quam
1076 1473 1201 1515 modo
1232 1474 1506 1529 exposuimus

97 1542 271 1585 licentia
303 1540 497 1583 adhibita
530 1541 778 1596 saepissime
809 1542 946 1583 tribus
979 1543 1041 1583 uti
1073 1542 1321 1584 accentibus
1353 1543 1393 1583 in
1424 1543 1506 1584 fine

98 1626 319 1663 versuum,
357 1625 440 1652 non
481 1610 632 1651 mirum
667 1616 753 1662 est,
795 1625 922 1664 quum
956 1625 1101 1652 eorum
1136 1611 1391 1666 principales
1423 1612 1505 1652 for-

98 1695 190 1723 mae
221 1680 379 1722 fuerint
410 1678 656 1733 pancede
690 1686 770 1722 etc.
835 1678 900 1721 Cf.
937 1680 1067 1721 Βρύκη
1096 1681 1199 1724 560:

297 1757 536 1825 preatedon
569 1756 716 1824 pearle
746 1773 751 1824 Ι
780 1760 818 1812 ic
852 1772 937 1812 him
971 1758 1143 1825 penode
1180 1772 1234 1826 (ξ.
1258 1774 1302 1825 8)

155 1861 265 1904 Gen.
292 1863 428 1906 2106:
463 1848 596 1918 gbdes
629 1849 851 1917 bletsunge
879 1871 884 1915 1
919 1863 1002 1905 aad
1035 1850 1113 1906 eva
1144 1852 1346 1921 gyddode
1380 1867 1435 1920 (ς.
1461 1866 1504 1915 s)

365 1961 406 1995 et
440 1954 488 1995 B.
526 1952 634 1998 132b
667 1943 750 1997 last
781 1942 1020 1997 sedavedon

523 2047 629 2088 144⁸
666 2032 742 2088 sva
775 2033 921 2088 rixode

523 2136 631 2182 1661’
669 2124 834 2181 Heorot
866 2126 1052 2181 eardode
1096 2148 1175 2182 etc.

101 2235 294 2290 Quorum
333 2238 658 2293 praeteritorum
698 2254 827 2294 quum
868 2255 1073 2295 nusquam
1105 2241 1343 2297 exemplum
1374 2255 1503 2295 appa-

94 2311 209 2359 reat,
249 2305 363 2360 quod
396 2307 524 2348 talem
556 2309 924 2351 accentuationem
956 2309 997 2351 in
1030 2324 1154 2352 versu
1187 2325 1269 2352 non
1302 2310 1504 2366 patiatur,

96 2374 223 2416 etiam
257 2389 418 2428 versus,
449 2376 595 2430 quales
626 2384 725 2419 sunt
757 2377 807 2419 Β.
846 2376 1004 2421 1573b2

582 2484 727 2525 vaepen
762 2452 968 2512 hasenade

313 2559 362 2600 B.
403 2560 511 2603 1663
573 2552 705 2604 dftost
746 2549 893 2604 rixode
942 2570 1022 2604 etc.
