1653 2848
880 72 929 111 16

196 184 257 224 ita
288 183 454 239 legendi
487 183 699 235 videntur,
733 190 778 224 ut
809 183 1053 237 praeteritis
1084 190 1169 224 tres
1192 183 1434 226 tribuantur
1454 199 1603 227 accen·

196 258 277 293 tus.
311 277 364 282 —
400 253 461 292 At
501 266 671 303 eorum,
710 266 889 305 quorum
932 251 1062 306 stirps
1102 252 1334 307 antiquitus
1377 267 1458 293 non
1498 254 1538 294 in
1579 257 1602 295 ὀ

196 319 270 361 sed
303 321 343 361 in
377 320 390 361 i
423 320 564 372 desiit,
607 320 932 374 praeteritorum
968 335 1094 361 unum
1130 321 1219 362 eius
1256 322 1426 376 generis
1463 336 1603 362 exem-

199 389 312 443 plum
353 389 510 444 reperi:

545 479 653 522 Gen.
691 479 804 522 ‘2840
869 465 975 520 bin-h
1009 461 1218 520 timbrede

197 569 327 623 quod,
359 584 616 624 quamquam
650 570 954 624 paenultimam
988 571 1117 611 habet
1150 570 1383 624 antiquitus
1416 569 1603 622 brevem,

194 646 335 680 tamen
380 638 599 680 ferendum
641 653 732 680 esse
774 645 878 693 puto
919 647 960 681 et
1002 640 1196 681 excusari
1230 644 1311 691 'e0‚
1352 638 1464 692 quod
1506 645 1603 679 ante

196 745 214 770 r
245 735 548 771 consonantem
584 730 744 771 vocalis
777 744 852 785 per
885 745 1102 786 syncopen
1135 743 1339 785 oppressa
1372 736 1437 771 est
1459 715 1601 782 (tilm-

196 799 429 873 berede).
481 821 533 863 cf.
575 836 613 875 p.
656 828 698 861 et
739 837 778 876 p.
813 828 856 862 et
887 823 939 863 cf.
980 822 1064 864 Hel
1100 820 1238 865 5243¹¹
1281 821 1382 877 hugi
1426 808 1602 863 twiflida

195 918 314 969 (pro:
356 894 585 965 twilfelida)
628 920 671 954 et
712 912 808 954 vide
849 912 901 954 ad
942 927 1013 965 ea,
1063 928 1170 968 quae
1217 913 1258 953 in
1297 918 1444 955 sextae
1478 927 1602 968 para-

193 982 345 1038 graphi
375 982 459 1023 fine
490 981 682 1037 pluribus
715 981 879 1023 dissero
912 980 964 1022 de
996 987 1240 1023 remanente
1271 982 1346 1024 tali
1380 982 1420 1022 vi
1443 981 1602 1023 vocalis

195 1066 451 1106 quamquam
485 1065 561 1106 per
592 1064 812 1106 syncopen
845 1050 928 1090 iam
962 1064 1205 1105 oppressae.
1232 1075 1282 1082 -
1306 1065 1347 1105 p.
1370 1050 1440 1093 83.
1502 1049 1601 1091 Jam

194 1136 294 1162 num
340 1120 411 1161 illa
458 1119 796 1161 accentuationis
846 1118 1018 1160 licentia
1072 1119 1210 1160 medio
1261 1133 1429 1172 quoque
1477 1133 1600 1160 versu

194 1188 370 1230 concedi
417 1188 593 1240 debeat,
641 1187 890 1241 quaestione
937 1187 1019 1228 hoc
1059 1186 1153 1228 loco
1192 1189 1514 1242 praetermissa,
1555 1195 1602 1227 ut

194 1273 277 1312 qua
307 1257 359 1299 de
390 1272 435 1299 re
466 1258 562 1298 loco
596 1255 648 1297 de
681 1270 804 1297 versu
837 1256 1023 1297 ternario
1056 1256 1251 1297 absoluto
1284 1256 1454 1298 demum
1486 1266 1601 1297 recte

193 1327 412 1381 disputare
445 1326 547 1367 mihi
578 1326 725 1366 videar
757 1339 897 1380 posse,
927 1325 980 1366 ad
1013 1325 1128 1366 aliud
1161 1325 1375 1379 quoddam
1406 1339 1539 1380 genus
1560 1335 1601 1365 et

193 1397 332 1451 ipsum
362 1395 415 1436 ad
448 1395 817 1436 accentuationem
852 1395 1067 1448 pertinens
1099 1403 1282 1435 transeo,

312 1486 375 1529 Ut
406 1487 537 1542 igitur
568 1486 610 1525 in
631 1485 714 1526 fine
737 1500 932 1527 versuum
966 1472 1147 1542 dagum
1179 1493 1221 1527 et
1247 1486 1600 1527 feorh-banan

194 1563 236 1598 et
266 1556 348 1598 alia
380 1556 470 1597 eius
502 1555 669 1610 generis
700 1554 951 1608 procedunt,
984 1555 1044 1596 ita
1066 1555 1191 1596 etiam
1216 1555 1463 1611 trisyllabis,
1494 1569 1602 1609 quae

196 1626 375 1680 primam
398 1623 557 1665 habent
578 1622 766 1675 brevem,
789 1622 977 1664 secunda
998 1623 1126 1678 longa
1145 1623 1358 1664 interdum
1379 1639 1462 1664 non
1487 1630 1604 1664 caret

195 1701 388 1745 accentu,
426 1708 510 1748 quo
542 1692 727 1734 efficitur
758 1693 1027 1733 accentuatio
1044 1691 1327 1742 descendens3
1361 1691 1427 1732 cui
1460 1697 1599 1732 tamen

193 1763 391 1803 licentiae
437 1768 554 1803 certa
603 1767 769 1801 tantum
812 1760 1021 1801 vocabula
1066 1760 1235 1803 cedunt.
1312 1761 1376 1801 Ac
1414 1759 1596 1814 primum

196 1831 367 1885 quidem
408 1831 468 1872 sic
511 1830 708 1885 cyning
747 1829 944 1870 vocabuli
978 1843 1102 1870 casus
1135 1836 1177 1870 et
1207 1830 1249 1870 in
1281 1828 1476 1870 omnibus
1511 1830 1598 1869 An-

194 1900 358 1955 glosax.
402 1899 609 1955 poematis
649 1904 691 1940 et
722 1898 763 1938 in
797 1912 947 1953 evang.
981 1897 1203 1939 harmonia
1235 1897 1448 1941 Saxonica
1479 1911 1599 1938 usur-

193 1974 362 2023 pantur,
393 1975 435 2010 et
467 1968 649 2009 maxime
681 1967 723 2007 in
756 1966 1033 2020 compositis:

523 2059 576 2099 cf.
609 2058 660 2100 B.
694 2060 718 2100 2
781 2042 1123 2112 peod-cyninga

524 2151 573 2192 Β.
612 2150 722 2193 1039
786 2134 923 2190 heah·
930 2134 1118 2235 ‹yninga

608 2243 719 2283 1155
781 2226 909 2282 eorr's·
919 2226 1123 2327 cyninges

608 2333 722 2377 2503
783 2332 916 2373 Fres-
899 2309 1108 2388 -cyninge

610 2424 725 2468 3094
785 2423 927 2477 peod-
940 2408 1146 2479 cyningas

468 2515 576 2558 Gen.
641 2515 723 2559 237
788 2515 965 2558 heofon·
978 2492 1161 2570 cyninge

360 2590 429 2643 (cf.
453 2590 554 2642 494,
589 2590 687 2641 505,
719 2589 819 2640 659,
853 2588 936 2631 666
969 2594 1012 2628 et
1044 2587 1175 2629 multo
1209 2586 1394 2640 saepius)
