<?xml version="1.0" encoding="UTF-8"?>
<!DOCTYPE html PUBLIC "-//W3C//DTD XHTML 1.0 Transitional//EN"
    "http://www.w3.org/TR/xhtml1/DTD/xhtml1-transitional.dtd">
<html xmlns="http://www.w3.org/1999/xhtml" xml:lang="en" lang="en">
 <head>
  <title>
</title>
<meta http-equiv="Content-Type" content="text/html;charset=utf-8" />
  <meta name='ocr-system' content='tesseract 3.04.00' />
  <meta name='ocr-capabilities' content='ocr_page ocr_carea ocr_par ocr_line ocrx_word'/>
</head>
<body>
  <div class='ocr_page' id='page_1' title='image "./deanglosaxonumar00schuuoft_0048.png"; bbox 0 0 1653 2848; ppageno 0'>
   <div class='ocr_carea' id='block_1_1' title="bbox 823 60 878 100">
    <p class='ocr_par' dir='ltr' id='par_1_1' title="bbox 823 60 878 100">
     <span class='ocr_line' id='line_1_1' title="bbox 823 60 878 100; baseline -0.036 0"><span class='ocrx_word' id='word_1_1' title='bbox 823 60 878 100; x_wconf 71' lang='lat'>40</span> 
     </span>
    </p>
   </div>
   <div class='ocr_carea' id='block_1_2' title="bbox 147 172 1560 368">
    <p class='ocr_par' dir='ltr' id='par_1_2' title="bbox 147 172 1560 368">
     <span class='ocr_line' id='line_1_2' title="bbox 147 172 1559 228; baseline 0.002 -17"><span class='ocrx_word' id='word_1_2' title='bbox 147 172 356 228; x_wconf 78' lang='lat' dir='ltr'>efflagitat</span> <span class='ocrx_word' id='word_1_3' title='bbox 396 175 454 227; x_wconf 61' lang='grc' dir='ltr'>(ξ.</span> <span class='ocrx_word' id='word_1_4' title='bbox 485 173 539 226; x_wconf 79' lang='grc'>8)</span> <span class='ocrx_word' id='word_1_5' title='bbox 620 173 903 215; x_wconf 84' lang='lat' dir='ltr'>Reducendas</span> <span class='ocrx_word' id='word_1_6' title='bbox 945 179 1084 214; x_wconf 79' lang='lat' dir='ltr'>autem</span> <span class='ocrx_word' id='word_1_7' title='bbox 1125 188 1215 215; x_wconf 84' lang='lat' dir='ltr'>esse</span> <span class='ocrx_word' id='word_1_8' title='bbox 1260 181 1362 228; x_wconf 87' lang='lat' dir='ltr'>puto</span> <span class='ocrx_word' id='word_1_9' title='bbox 1400 174 1559 215; x_wconf 82' lang='lat' dir='ltr'>formas</span> 
     </span>
     <span class='ocr_line' id='line_1_3' title="bbox 147 242 1559 299; baseline 0 -16"><span class='ocrx_word' id='word_1_10' title='bbox 147 244 406 298; x_wconf 73' lang='lat' dir='ltr'>sceavjan</span> <span class='ocrx_word' id='word_1_11' title='bbox 447 248 490 283; x_wconf 80' lang='lat' dir='ltr'>et</span> <span class='ocrx_word' id='word_1_12' title='bbox 529 242 852 299; x_wconf 76' lang='lat' dir='ltr'>sceavigean</span> <span class='ocrx_word' id='word_1_13' title='bbox 893 242 946 283; x_wconf 87' lang='lat' dir='ltr'>ad</span> <span class='ocrx_word' id='word_1_14' title='bbox 980 242 1241 296; x_wconf 83' lang='lat' dir='ltr'>antiquiores</span> <span class='ocrx_word' id='word_1_15' title='bbox 1273 245 1559 298; x_wconf 73' lang='lat' dir='ltr'>sceavojau</span> 
     </span>
     <span class='ocr_line' id='line_1_4' title="bbox 147 311 1560 368; baseline -0.001 -16"><span class='ocrx_word' id='word_1_16' title='bbox 147 316 224 352; x_wconf 86' lang='lat' dir='ltr'>etc.</span> <span class='ocrx_word' id='word_1_17' title='bbox 266 325 375 365; x_wconf 89' lang='lat' dir='ltr'>quae</span> <span class='ocrx_word' id='word_1_18' title='bbox 417 317 588 353; x_wconf 83' lang='lat' dir='ltr'>exstant</span> <span class='ocrx_word' id='word_1_19' title='bbox 618 312 659 352; x_wconf 91' lang='lat' dir='ltr'>in</span> <span class='ocrx_word' id='word_1_20' title='bbox 701 312 895 368; x_wconf 85' lang='lat' dir='ltr'>evangel.</span> <span class='ocrx_word' id='word_1_21' title='bbox 925 311 1147 353; x_wconf 87' lang='lat' dir='ltr'>harmonia</span> <span class='ocrx_word' id='word_1_22' title='bbox 1187 313 1400 354; x_wconf 84' lang='lat' dir='ltr'>saxonica.</span> <span class='ocrx_word' id='word_1_23' title='bbox 1434 319 1475 353; x_wconf 85' lang='lat' dir='ltr'>et</span> <span class='ocrx_word' id='word_1_24' title='bbox 1509 313 1560 352; x_wconf 82' lang='lat' dir='ltr'>cf.</span> 
     </span>
    </p>
   </div>
   <div class='ocr_carea' id='block_1_3' title="bbox 146 388 1560 527">
    <p class='ocr_par' dir='ltr' id='par_1_3' title="bbox 146 388 1560 527">
     <span class='ocr_line' id='line_1_5' title="bbox 146 388 1373 459; baseline 0 -16"><span class='ocrx_word' id='word_1_25' title='bbox 146 402 373 444; x_wconf 85' lang='lat' dir='ltr'>saxonicos</span> <span class='ocrx_word' id='word_1_26' title='bbox 404 417 576 444; x_wconf 88' lang='lat' dir='ltr'>versus:</span> <span class='ocrx_word' id='word_1_27' title='bbox 609 418 674 458; x_wconf 88' lang='lat' dir='ltr'>up</span> <span class='ocrx_word' id='word_1_28' title='bbox 708 388 915 459; x_wconf 63' lang='lat' dir='ltr'>sio‘ojan</span> <span class='ocrx_word' id='word_1_29' title='bbox 949 412 1030 444; x_wconf 90' lang='lat' dir='ltr'>etc.</span> <span class='ocrx_word' id='word_1_30' title='bbox 1057 406 1165 458; x_wconf 88' lang='lat' dir='ltr'>(cap.</span> <span class='ocrx_word' id='word_1_31' title='bbox 1190 403 1233 444; x_wconf 92' lang='lat' dir='ltr'>II</span> <span class='ocrx_word' id='word_1_32' title='bbox 1258 404 1295 457; x_wconf 65' lang='grc' dir='ltr'>ξ.</span> <span class='ocrx_word' id='word_1_33' title='bbox 1316 404 1373 456; x_wconf 82' lang='grc'>3).</span> 
     </span>
     <span class='ocr_line' id='line_1_6' title="bbox 263 470 1560 527; baseline 0 -14"><span class='ocrx_word' id='word_1_34' title='bbox 263 470 466 513; x_wconf 86' lang='lat' dir='ltr'>Ceterum</span> <span class='ocrx_word' id='word_1_35' title='bbox 498 487 564 525; x_wconf 78' lang='lat' dir='ltr'>ne,</span> <span class='ocrx_word' id='word_1_36' title='bbox 597 472 699 526; x_wconf 89' lang='lat' dir='ltr'>quid</span> <span class='ocrx_word' id='word_1_37' title='bbox 734 472 884 524; x_wconf 78' lang='lat' dir='ltr'>velim,</span> <span class='ocrx_word' id='word_1_38' title='bbox 914 472 1110 527; x_wconf 79' lang='lat' dir='ltr'>ignores,</span> <span class='ocrx_word' id='word_1_39' title='bbox 1149 486 1418 526; x_wconf 80' lang='lat' dir='ltr'>nequaquam</span> <span class='ocrx_word' id='word_1_40' title='bbox 1453 480 1560 527; x_wconf 87' lang='lat' dir='ltr'>puto</span> 
     </span>
    </p>
   </div>
   <div class='ocr_carea' id='block_1_4' title="bbox 145 542 1560 1100">
    <p class='ocr_par' dir='ltr' id='par_1_4' title="bbox 145 542 1560 1018">
     <span class='ocr_line' id='line_1_7' title="bbox 145 542 1560 619; baseline 0.002 -17"><span class='ocrx_word' id='word_1_41' title='bbox 145 563 390 618; x_wconf 87' lang='lat' dir='ltr'>trisyllabas</span> <span class='ocrx_word' id='word_1_42' title='bbox 422 564 580 605; x_wconf 87' lang='lat' dir='ltr'>formas</span> <span class='ocrx_word' id='word_1_43' title='bbox 612 542 937 619; x_wconf 74' lang='lat' dir='ltr'>sceavigean</span> <span class='ocrx_word' id='word_1_44' title='bbox 971 569 1051 604; x_wconf 87' lang='lat' dir='ltr'>etc.</span> <span class='ocrx_word' id='word_1_45' title='bbox 1084 563 1125 603; x_wconf 91' lang='lat' dir='ltr'>in</span> <span class='ocrx_word' id='word_1_46' title='bbox 1159 563 1278 605; x_wconf 88' lang='lat' dir='ltr'>libris</span> <span class='ocrx_word' id='word_1_47' title='bbox 1309 564 1560 605; x_wconf 84' lang='lat' dir='ltr'>scribendas</span> 
     </span>
     <span class='ocr_line' id='line_1_8' title="bbox 146 631 1560 688; baseline 0.001 -16"><span class='ocrx_word' id='word_1_48' title='bbox 146 645 239 673; x_wconf 89' lang='lat' dir='ltr'>esse</span> <span class='ocrx_word' id='word_1_49' title='bbox 270 647 406 686; x_wconf 87' lang='lat' dir='ltr'>neque</span> <span class='ocrx_word' id='word_1_50' title='bbox 439 632 573 688; x_wconf 87' lang='lat' dir='ltr'>magis</span> <span class='ocrx_word' id='word_1_51' title='bbox 606 632 879 674; x_wconf 85' lang='lat' dir='ltr'>disolvendas</span> <span class='ocrx_word' id='word_1_52' title='bbox 911 646 1002 674; x_wconf 86' lang='lat' dir='ltr'>esse</span> <span class='ocrx_word' id='word_1_53' title='bbox 1034 631 1193 686; x_wconf 89' lang='lat' dir='ltr'>ubique</span> <span class='ocrx_word' id='word_1_54' title='bbox 1215 639 1458 675; x_wconf 84' lang='lat' dir='ltr'>contractas</span> <span class='ocrx_word' id='word_1_55' title='bbox 1475 633 1560 674; x_wconf 90' lang='lat' dir='ltr'>for-</span> 
     </span>
     <span class='ocr_line' id='line_1_9' title="bbox 146 700 1560 756; baseline 0.001 -15"><span class='ocrx_word' id='word_1_56' title='bbox 146 715 259 754; x_wconf 82' lang='lat' dir='ltr'>mas,</span> <span class='ocrx_word' id='word_1_57' title='bbox 299 708 344 742; x_wconf 89' lang='lat' dir='ltr'>ut</span> <span class='ocrx_word' id='word_1_58' title='bbox 385 701 491 743; x_wconf 79' lang='lat' dir='ltr'>bean</span> <span class='ocrx_word' id='word_1_59' title='bbox 531 708 612 743; x_wconf 87' lang='lat' dir='ltr'>etc.</span> <span class='ocrx_word' id='word_1_60' title='bbox 654 701 727 742; x_wconf 88' lang='lat' dir='ltr'>sed</span> <span class='ocrx_word' id='word_1_61' title='bbox 768 701 910 756; x_wconf 88' lang='lat' dir='ltr'>potius</span> <span class='ocrx_word' id='word_1_62' title='bbox 952 700 1249 756; x_wconf 85' lang='lat' dir='ltr'>agnoscendas</span> <span class='ocrx_word' id='word_1_63' title='bbox 1283 716 1374 743; x_wconf 90' lang='lat' dir='ltr'>esse</span> <span class='ocrx_word' id='word_1_64' title='bbox 1405 716 1560 743; x_wconf 89' lang='lat' dir='ltr'>censeo</span> 
     </span>
     <span class='ocr_line' id='line_1_10' title="bbox 146 769 1560 824; baseline 0 -14"><span class='ocrx_word' id='word_1_65' title='bbox 146 769 338 812; x_wconf 84' lang='lat' dir='ltr'>licentias</span> <span class='ocrx_word' id='word_1_66' title='bbox 369 771 591 823; x_wconf 85' lang='lat' dir='ltr'>metricas,</span> <span class='ocrx_word' id='word_1_67' title='bbox 623 785 732 824; x_wconf 90' lang='lat' dir='ltr'>quae</span> <span class='ocrx_word' id='word_1_68' title='bbox 764 778 904 812; x_wconf 85' lang='lat' dir='ltr'>tamen</span> <span class='ocrx_word' id='word_1_69' title='bbox 938 770 1205 811; x_wconf 84' lang='lat' dir='ltr'>manaverint</span> <span class='ocrx_word' id='word_1_70' title='bbox 1237 785 1289 811; x_wconf 79' lang='lat' dir='ltr'>ex</span> <span class='ocrx_word' id='word_1_71' title='bbox 1320 771 1560 824; x_wconf 74' lang='lat' dir='ltr'>antiquiore</span> 
     </span>
     <span class='ocr_line' id='line_1_11' title="bbox 147 838 1559 894; baseline 0 -15"><span class='ocrx_word' id='word_1_72' title='bbox 147 838 315 894; x_wconf 85' lang='lat' dir='ltr'>linguae</span> <span class='ocrx_word' id='word_1_73' title='bbox 347 846 484 880; x_wconf 85' lang='lat' dir='ltr'>statu:</span> <span class='ocrx_word' id='word_1_74' title='bbox 526 838 703 894; x_wconf 87' lang='lat' dir='ltr'>proinde</span> <span class='ocrx_word' id='word_1_75' title='bbox 737 853 787 880; x_wconf 89' lang='lat' dir='ltr'>ac</span> <span class='ocrx_word' id='word_1_76' title='bbox 819 839 859 879; x_wconf 91' lang='lat' dir='ltr'>in</span> <span class='ocrx_word' id='word_1_77' title='bbox 893 838 1135 879; x_wconf 81' lang='lat' dir='ltr'>Homericis</span> <span class='ocrx_word' id='word_1_78' title='bbox 1165 840 1376 893; x_wconf 73' lang='lat' dir='ltr'>poematis</span> <span class='ocrx_word' id='word_1_79' title='bbox 1409 853 1559 879; x_wconf 85' lang='lat' dir='ltr'>conso-</span> 
     </span>
     <span class='ocr_line' id='line_1_12' title="bbox 148 907 1556 962; baseline -0.001 -14"><span class='ocrx_word' id='word_1_80' title='bbox 148 914 275 949; x_wconf 84' lang='lat' dir='ltr'>nante</span> <span class='ocrx_word' id='word_1_81' title='bbox 311 923 334 948; x_wconf 88' lang='lat' dir='ltr'>v</span> <span class='ocrx_word' id='word_1_82' title='bbox 367 914 409 948; x_wconf 90' lang='lat' dir='ltr'>et</span> <span class='ocrx_word' id='word_1_83' title='bbox 448 907 542 949; x_wconf 89' lang='lat' dir='ltr'>aliis</span> <span class='ocrx_word' id='word_1_84' title='bbox 573 908 791 962; x_wconf 83' lang='lat' dir='ltr'>oppressis</span> <span class='ocrx_word' id='word_1_85' title='bbox 833 914 952 948; x_wconf 86' lang='lat' dir='ltr'>ortae</span> <span class='ocrx_word' id='word_1_86' title='bbox 985 914 1083 948; x_wconf 88' lang='lat' dir='ltr'>sunt</span> <span class='ocrx_word' id='word_1_87' title='bbox 1114 907 1313 949; x_wconf 80' lang='lat' dir='ltr'>licentiae</span> <span class='ocrx_word' id='word_1_88' title='bbox 1346 907 1556 962; x_wconf 79' lang='lat' dir='ltr'>quaedam</span> 
     </span>
     <span class='ocr_line' id='line_1_13' title="bbox 150 976 450 1018; baseline 0 -1"><span class='ocrx_word' id='word_1_89' title='bbox 150 976 363 1018; x_wconf 84' lang='lat' dir='ltr'>metricae.</span> <span class='ocrx_word' id='word_1_90' title='bbox 401 1002 450 1008; x_wconf 88' lang='lat'>—</span> 
     </span>
    </p>

    <p class='ocr_par' dir='ltr' id='par_1_5' title="bbox 263 1043 1559 1100">
     <span class='ocr_line' id='line_1_14' title="bbox 263 1043 1559 1100; baseline -0.002 -14"><span class='ocrx_word' id='word_1_91' title='bbox 263 1045 362 1086; x_wconf 78' lang='lat' dir='ltr'>Jam</span> <span class='ocrx_word' id='word_1_92' title='bbox 403 1044 516 1099; x_wconf 92' lang='lat' dir='ltr'>quod</span> <span class='ocrx_word' id='word_1_93' title='bbox 558 1044 610 1085; x_wconf 88' lang='lat' dir='ltr'>ad</span> <span class='ocrx_word' id='word_1_94' title='bbox 645 1043 754 1086; x_wconf 85' lang='lat' dir='ltr'>Gen.</span> <span class='ocrx_word' id='word_1_95' title='bbox 793 1061 825 1085; x_wconf 80' lang='lat' dir='ltr'>v.</span> <span class='ocrx_word' id='word_1_96' title='bbox 858 1045 995 1087; x_wconf 68' lang='lat'><strong>1413³</strong></span> <span class='ocrx_word' id='word_1_97' title='bbox 1042 1044 1248 1100; x_wconf 83' lang='lat' dir='ltr'>(lytligan</span> <span class='ocrx_word' id='word_1_98' title='bbox 1283 1044 1358 1098; x_wconf 88' lang='lat' dir='ltr'>eft)</span> <span class='ocrx_word' id='word_1_99' title='bbox 1392 1044 1559 1095; x_wconf 84' lang='lat' dir='ltr'>attinet,</span> 
     </span>
    </p>
   </div>
   <div class='ocr_carea' id='block_1_5' title="bbox 147 1113 1560 1168">
    <p class='ocr_par' dir='ltr' id='par_1_6' title="bbox 147 1113 1560 1168">
     <span class='ocr_line' id='line_1_15' title="bbox 147 1113 1560 1168; baseline -0.001 -13"><span class='ocrx_word' id='word_1_100' title='bbox 147 1122 287 1155; x_wconf 80' lang='lat' dir='ltr'>utrum</span> <span class='ocrx_word' id='word_1_101' title='bbox 331 1113 555 1155; x_wconf 76' lang='lat' dir='ltr'>veiborum</span> <span class='ocrx_word' id='word_1_102' title='bbox 599 1113 703 1155; x_wconf 85' lang='lat' dir='ltr'>ordo</span> <span class='ocrx_word' id='word_1_103' title='bbox 751 1113 1049 1166; x_wconf 80' lang='lat' dir='ltr'>invertendus,</span> <span class='ocrx_word' id='word_1_104' title='bbox 1108 1129 1159 1155; x_wconf 88' lang='lat' dir='ltr'>an</span> <span class='ocrx_word' id='word_1_105' title='bbox 1209 1113 1349 1155; x_wconf 89' lang='lat' dir='ltr'>medio</span> <span class='ocrx_word' id='word_1_106' title='bbox 1391 1127 1560 1168; x_wconf 89' lang='lat' dir='ltr'>quoqne</span> 
     </span>
    </p>
   </div>
   <div class='ocr_carea' id='block_1_6' title="bbox 147 1174 1558 2063">
    <p class='ocr_par' dir='ltr' id='par_1_7' title="bbox 147 1174 1558 2063">
     <span class='ocr_line' id='line_1_16' title="bbox 147 1174 1558 1251; baseline 0 -16"><span class='ocrx_word' id='word_1_107' title='bbox 147 1209 270 1236; x_wconf 88' lang='lat' dir='ltr'>versu</span> <span class='ocrx_word' id='word_1_108' title='bbox 302 1195 571 1236; x_wconf 86' lang='lat' dir='ltr'>accentuatio</span> <span class='ocrx_word' id='word_1_109' title='bbox 604 1174 831 1251; x_wconf 79' lang='lat' dir='ltr'>lytligan</span> <span class='ocrx_word' id='word_1_110' title='bbox 865 1194 1068 1250; x_wconf 84' lang='lat' dir='ltr'>patienda</span> <span class='ocrx_word' id='word_1_111' title='bbox 1099 1196 1179 1247; x_wconf 77' lang='lat' dir='ltr'>sit,</span> <span class='ocrx_word' id='word_1_112' title='bbox 1221 1195 1447 1237; x_wconf 86' lang='lat' dir='ltr'>decernere</span> <span class='ocrx_word' id='word_1_113' title='bbox 1476 1209 1558 1236; x_wconf 88' lang='lat' dir='ltr'>non</span> 
     </span>
     <span class='ocr_line' id='line_1_17' title="bbox 148 1263 383 1305; baseline 0 0"><span class='ocrx_word' id='word_1_114' title='bbox 148 1263 296 1305; x_wconf 77' lang='lat' dir='ltr'>audeo</span> <span class='ocrx_word' id='word_1_115' title='bbox 331 1289 383 1294; x_wconf 87' lang='lat'>—</span> 
     </span>
     <span class='ocr_line' id='line_1_18' title="bbox 266 1331 1558 1387; baseline -0.001 -14"><span class='ocrx_word' id='word_1_116' title='bbox 266 1332 402 1374; x_wconf 88' lang='lat' dir='ltr'>Venio</span> <span class='ocrx_word' id='word_1_117' title='bbox 436 1332 490 1373; x_wconf 87' lang='lat' dir='ltr'>ad</span> <span class='ocrx_word' id='word_1_118' title='bbox 523 1331 636 1373; x_wconf 88' lang='lat' dir='ltr'>aliud</span> <span class='ocrx_word' id='word_1_119' title='bbox 662 1331 877 1386; x_wconf 85' lang='lat' dir='ltr'>quoddam</span> <span class='ocrx_word' id='word_1_120' title='bbox 912 1347 1060 1387; x_wconf 79' lang='lat' dir='ltr'>genus,</span> <span class='ocrx_word' id='word_1_121' title='bbox 1094 1333 1213 1374; x_wconf 88' lang='lat' dir='ltr'>cuius</span> <span class='ocrx_word' id='word_1_122' title='bbox 1237 1332 1329 1374; x_wconf 87' lang='lat' dir='ltr'>hice</span> <span class='ocrx_word' id='word_1_123' title='bbox 1351 1332 1392 1373; x_wconf 89' lang='lat' dir='ltr'>in</span> <span class='ocrx_word' id='word_1_124' title='bbox 1414 1332 1558 1387; x_wconf 84' lang='lat' dir='ltr'>genesi</span> 
     </span>
     <span class='ocr_line' id='line_1_19' title="bbox 149 1409 537 1457; baseline 0 -15"><span class='ocrx_word' id='word_1_125' title='bbox 149 1416 295 1444; x_wconf 78' lang='lat' dir='ltr'>versus</span> <span class='ocrx_word' id='word_1_126' title='bbox 328 1409 537 1457; x_wconf 81' lang='lat' dir='ltr'>apparent</span> 
     </span>
     <span class='ocr_line' id='line_1_20' title="bbox 496 1469 1005 1514; baseline -0.006 -1"><span class='ocrx_word' id='word_1_127' title='bbox 496 1487 531 1511; x_wconf 80' lang='lat' dir='ltr'>v.</span> <span class='ocrx_word' id='word_1_128' title='bbox 561 1472 667 1514; x_wconf 75' lang='grc'>1241</span> <span class='ocrx_word' id='word_1_129' title='bbox 734 1473 834 1512; x_wconf 63' lang='lat' dir='ltr'>oser</span> <span class='ocrx_word' id='word_1_130' title='bbox 868 1469 1005 1511; x_wconf 76' lang='lat' dir='ltr'>Chain</span> 
     </span>
     <span class='ocr_line' id='line_1_21' title="bbox 559 1539 946 1583; baseline -0.003 -2"><span class='ocrx_word' id='word_1_131' title='bbox 559 1540 668 1583; x_wconf 83' lang='grc'>1623</span> <span class='ocrx_word' id='word_1_132' title='bbox 730 1540 794 1580; x_wconf 66' lang='lat' dir='ltr'>far</span> <span class='ocrx_word' id='word_1_133' title='bbox 826 1539 946 1580; x_wconf 68' lang='lat' dir='ltr'>Noos</span> 
     </span>
     <span class='ocr_line' id='line_1_22' title="bbox 553 1609 976 1652; baseline -0.005 -1"><span class='ocrx_word' id='word_1_134' title='bbox 553 1610 663 1652; x_wconf 62' lang='lat'>1423</span> <span class='ocrx_word' id='word_1_135' title='bbox 727 1623 825 1649; x_wconf 88' lang='lat' dir='ltr'>earc</span> <span class='ocrx_word' id='word_1_136' title='bbox 856 1609 976 1650; x_wconf 83' lang='lat' dir='ltr'>Noes</span> 
     </span>
     <span class='ocr_line' id='line_1_23' title="bbox 557 1675 1119 1720; baseline -0.007 0"><span class='ocrx_word' id='word_1_137' title='bbox 557 1679 663 1720; x_wconf 77' lang='lat'>1551</span> <span class='ocrx_word' id='word_1_138' title='bbox 731 1676 831 1719; x_wconf 85' lang='lat' dir='ltr'>Sem</span> <span class='ocrx_word' id='word_1_139' title='bbox 866 1677 946 1717; x_wconf 86' lang='lat' dir='ltr'>and</span> <span class='ocrx_word' id='word_1_140' title='bbox 983 1675 1119 1717; x_wconf 74' lang='lat' dir='ltr'>Cham</span> 
     </span>
     <span class='ocr_line' id='line_1_24' title="bbox 557 1744 1132 1790; baseline -0.005 -2"><span class='ocrx_word' id='word_1_141' title='bbox 557 1747 665 1790; x_wconf 75' lang='lat'>1617</span> <span class='ocrx_word' id='word_1_142' title='bbox 730 1744 848 1787; x_wconf 85' lang='lat' dir='ltr'>Chus</span> <span class='ocrx_word' id='word_1_143' title='bbox 881 1745 962 1786; x_wconf 87' lang='lat' dir='ltr'>and</span> <span class='ocrx_word' id='word_1_144' title='bbox 998 1744 1132 1786; x_wconf 84' lang='lat' dir='ltr'>Cham</span> 
     </span>
     <span class='ocr_line' id='line_1_25' title="bbox 554 1812 979 1858; baseline -0.007 -1"><span class='ocrx_word' id='word_1_145' title='bbox 554 1812 694 1858; x_wconf 63' lang='lat'>17:36¹&gt;</span> <span class='ocrx_word' id='word_1_146' title='bbox 729 1829 783 1856; x_wconf 93' lang='lat' dir='ltr'>on</span> <span class='ocrx_word' id='word_1_147' title='bbox 815 1813 979 1856; x_wconf 87' lang='lat' dir='ltr'>Carran</span> 
     </span>
     <span class='ocr_line' id='line_1_26' title="bbox 554 1883 968 1927; baseline -0.007 -1"><span class='ocrx_word' id='word_1_148' title='bbox 554 1884 664 1927; x_wconf 72' lang='lat'>1963</span> <span class='ocrx_word' id='word_1_149' title='bbox 727 1884 776 1924; x_wconf 90' lang='lat' dir='ltr'>of</span> <span class='ocrx_word' id='word_1_150' title='bbox 802 1883 968 1926; x_wconf 85' lang='lat' dir='ltr'>Sennar</span> 
     </span>
     <span class='ocr_line' id='line_1_27' title="bbox 550 1951 991 1995; baseline -0.009 0"><span class='ocrx_word' id='word_1_151' title='bbox 550 1953 657 1995; x_wconf 73' lang='lat'>2241</span> <span class='ocrx_word' id='word_1_152' title='bbox 730 1952 804 1993; x_wconf 67' lang='lat' dir='ltr'>vi‘o&#39;</span> <span class='ocrx_word' id='word_1_153' title='bbox 832 1951 991 1994; x_wconf 86' lang='lat' dir='ltr'>Sarran</span> 
     </span>
     <span class='ocr_line' id='line_1_28' title="bbox 415 2019 1019 2063; baseline -0.008 0"><span class='ocrx_word' id='word_1_154' title='bbox 415 2022 527 2063; x_wconf 77' lang='lat'>2727</span> <span class='ocrx_word' id='word_1_155' title='bbox 561 2027 603 2061; x_wconf 84' lang='lat' dir='ltr'>et</span> <span class='ocrx_word' id='word_1_156' title='bbox 636 2020 750 2063; x_wconf 78' lang='lat'>2760</span> <span class='ocrx_word' id='word_1_157' title='bbox 784 2022 827 2060; x_wconf 78' lang='lat' dir='ltr'>to</span> <span class='ocrx_word' id='word_1_158' title='bbox 860 2019 1019 2062; x_wconf 78' lang='lat' dir='ltr'>sarran</span> 
     </span>
    </p>
   </div>
   <div class='ocr_carea' id='block_1_7' title="bbox 148 2099 1554 2633">
    <p class='ocr_par' dir='ltr' id='par_1_8' title="bbox 148 2099 1554 2497">
     <span class='ocr_line' id='line_1_29' title="bbox 285 2099 1351 2156; baseline -0.003 -14"><span class='ocrx_word' id='word_1_159' title='bbox 285 2102 336 2142; x_wconf 88' lang='lat' dir='ltr'>cf.</span> <span class='ocrx_word' id='word_1_160' title='bbox 371 2117 410 2156; x_wconf 89' lang='lat' dir='ltr'>p.</span> <span class='ocrx_word' id='word_1_161' title='bbox 435 2101 489 2144; x_wconf 86' lang='grc'>36</span> <span class='ocrx_word' id='word_1_162' title='bbox 524 2107 565 2142; x_wconf 81' lang='lat' dir='ltr'>et</span> <span class='ocrx_word' id='word_1_163' title='bbox 595 2100 682 2142; x_wconf 68' lang='lat' dir='ltr'>‚Jut</span> <span class='ocrx_word' id='word_1_164' title='bbox 707 2102 762 2143; x_wconf 79' lang='lat'>25</span> <span class='ocrx_word' id='word_1_165' title='bbox 796 2100 1035 2141; x_wconf 81' lang='lat' dir='ltr'>Helisaeus.</span> <span class='ocrx_word' id='word_1_166' title='bbox 1073 2099 1129 2144; x_wconf 85' lang='grc'>28</span> <span class='ocrx_word' id='word_1_167' title='bbox 1151 2099 1351 2141; x_wconf 81' lang='lat' dir='ltr'>Julianan</span> 
     </span>
     <span class='ocr_line' id='line_1_30' title="bbox 148 2166 1554 2224; baseline 0 -15"><span class='ocrx_word' id='word_1_168' title='bbox 148 2169 302 2224; x_wconf 83' lang='lat' dir='ltr'>quibus</span> <span class='ocrx_word' id='word_1_169' title='bbox 355 2169 489 2210; x_wconf 87' lang='lat' dir='ltr'>aliena</span> <span class='ocrx_word' id='word_1_170' title='bbox 540 2170 712 2210; x_wconf 87' lang='lat' dir='ltr'>nomina</span> <span class='ocrx_word' id='word_1_171' title='bbox 752 2169 926 2224; x_wconf 83' lang='lat' dir='ltr'>propria</span> <span class='ocrx_word' id='word_1_172' title='bbox 969 2168 1289 2210; x_wconf 79' lang='lat' dir='ltr'>excusationem</span> <span class='ocrx_word' id='word_1_173' title='bbox 1337 2166 1554 2222; x_wconf 78' lang='lat' dir='ltr'>praebent.</span> 
     </span>
     <span class='ocr_line' id='line_1_31' title="bbox 150 2236 1554 2292; baseline -0.001 -14"><span class='ocrx_word' id='word_1_174' title='bbox 150 2237 302 2279; x_wconf 92' lang='lat' dir='ltr'>Alieno</span> <span class='ocrx_word' id='word_1_175' title='bbox 343 2238 451 2278; x_wconf 88' lang='lat' dir='ltr'>enim</span> <span class='ocrx_word' id='word_1_176' title='bbox 493 2237 660 2278; x_wconf 89' lang='lat' dir='ltr'>nomine</span> <span class='ocrx_word' id='word_1_177' title='bbox 702 2238 875 2292; x_wconf 88' lang='lat' dir='ltr'>proprio</span> <span class='ocrx_word' id='word_1_178' title='bbox 917 2237 959 2278; x_wconf 90' lang='lat' dir='ltr'>in</span> <span class='ocrx_word' id='word_1_179' title='bbox 1001 2251 1127 2278; x_wconf 85' lang='lat' dir='ltr'>versu</span> <span class='ocrx_word' id='word_1_180' title='bbox 1165 2242 1398 2292; x_wconf 87' lang='lat' dir='ltr'>apparente</span> <span class='ocrx_word' id='word_1_181' title='bbox 1438 2236 1554 2291; x_wconf 82' lang='lat' dir='ltr'>leges</span> 
     </span>
     <span class='ocr_line' id='line_1_32' title="bbox 149 2304 1553 2360; baseline -0.001 -13"><span class='ocrx_word' id='word_1_182' title='bbox 149 2306 344 2347; x_wconf 82' lang='lat' dir='ltr'>metricas</span> <span class='ocrx_word' id='word_1_183' title='bbox 378 2305 609 2347; x_wconf 84' lang='lat' dir='ltr'>disturbari</span> <span class='ocrx_word' id='word_1_184' title='bbox 641 2312 683 2347; x_wconf 86' lang='lat' dir='ltr'>et</span> <span class='ocrx_word' id='word_1_185' title='bbox 716 2305 930 2360; x_wconf 86' lang='lat' dir='ltr'>rythmum</span> <span class='ocrx_word' id='word_1_186' title='bbox 955 2304 1074 2346; x_wconf 86' lang='lat' dir='ltr'>reddi</span> <span class='ocrx_word' id='word_1_187' title='bbox 1102 2305 1403 2360; x_wconf 84' lang='lat' dir='ltr'>confragosum</span> <span class='ocrx_word' id='word_1_188' title='bbox 1425 2304 1553 2345; x_wconf 84' lang='lat' dir='ltr'>etiam</span> 
     </span>
     <span class='ocr_line' id='line_1_33' title="bbox 148 2371 1552 2429; baseline -0.001 -14"><span class='ocrx_word' id='word_1_189' title='bbox 148 2389 200 2415; x_wconf 81' lang='lat' dir='ltr'>ex</span> <span class='ocrx_word' id='word_1_190' title='bbox 251 2389 300 2415; x_wconf 88' lang='lat' dir='ltr'>eo</span> <span class='ocrx_word' id='word_1_191' title='bbox 355 2380 516 2429; x_wconf 80' lang='lat' dir='ltr'>patent,</span> <span class='ocrx_word' id='word_1_192' title='bbox 567 2373 680 2428; x_wconf 90' lang='lat' dir='ltr'>quod</span> <span class='ocrx_word' id='word_1_193' title='bbox 732 2373 840 2415; x_wconf 89' lang='lat' dir='ltr'>infra</span> <span class='ocrx_word' id='word_1_194' title='bbox 892 2373 944 2414; x_wconf 89' lang='lat' dir='ltr'>de</span> <span class='ocrx_word' id='word_1_195' title='bbox 995 2373 1279 2414; x_wconf 85' lang='lat' dir='ltr'>alliteratione</span> <span class='ocrx_word' id='word_1_196' title='bbox 1323 2371 1552 2427; x_wconf 82' lang='lat' dir='ltr'>disputabo</span> 
     </span>
     <span class='ocr_line' id='line_1_34' title="bbox 149 2443 303 2497; baseline -0.006 -1"><span class='ocrx_word' id='word_1_197' title='bbox 149 2443 212 2497; x_wconf 71' lang='lat'>(§·</span> <span class='ocrx_word' id='word_1_198' title='bbox 237 2443 303 2495; x_wconf 70' lang='lat'>8)-</span> 
     </span>
    </p>

    <p class='ocr_par' dir='ltr' id='par_1_9' title="bbox 148 2509 1551 2633">
     <span class='ocr_line' id='line_1_35' title="bbox 264 2509 1551 2565; baseline -0.002 -14"><span class='ocrx_word' id='word_1_199' title='bbox 264 2509 433 2563; x_wconf 75' lang='lat' dir='ltr'>Quibus</span> <span class='ocrx_word' id='word_1_200' title='bbox 473 2510 668 2551; x_wconf 89' lang='lat' dir='ltr'>omnibus</span> <span class='ocrx_word' id='word_1_201' title='bbox 710 2509 916 2552; x_wconf 86' lang='lat' dir='ltr'>absolutis</span> <span class='ocrx_word' id='word_1_202' title='bbox 954 2510 1158 2565; x_wconf 89' lang='lat' dir='ltr'>perpauci</span> <span class='ocrx_word' id='word_1_203' title='bbox 1201 2515 1362 2551; x_wconf 87' lang='lat' dir='ltr'>restant</span> <span class='ocrx_word' id='word_1_204' title='bbox 1402 2521 1551 2550; x_wconf 85' lang='lat' dir='ltr'>versus</span> 
     </span>
     <span class='ocr_line' id='line_1_36' title="bbox 148 2577 1274 2633; baseline -0.002 -14"><span class='ocrx_word' id='word_1_205' title='bbox 148 2579 320 2621; x_wconf 84' lang='lat' dir='ltr'>ternarii</span> <span class='ocrx_word' id='word_1_206' title='bbox 352 2579 480 2633; x_wconf 85' lang='lat' dir='ltr'>iique,</span> <span class='ocrx_word' id='word_1_207' title='bbox 512 2579 583 2632; x_wconf 90' lang='lat' dir='ltr'>qui</span> <span class='ocrx_word' id='word_1_208' title='bbox 615 2579 815 2620; x_wconf 89' lang='lat' dir='ltr'>facillime</span> <span class='ocrx_word' id='word_1_209' title='bbox 847 2577 1065 2621; x_wconf 85' lang='lat' dir='ltr'>emendari</span> <span class='ocrx_word' id='word_1_210' title='bbox 1098 2577 1274 2633; x_wconf 90' lang='lat' dir='ltr'>possint.</span> 
     </span>
    </p>
   </div>
  </div>
 </body>
</html>
