1653 2848
816 55 869 97 26

255 167 382 208 Tales
417 183 562 209 versus
587 167 743 211 Saxon.
770 169 960 225 evangel.
985 170 1231 210 harmoniae
1265 176 1432 224 poetam
1467 185 1547 211 nou

137 236 333 289 finxisse,
383 237 458 278 sed
503 238 643 292 potius
677 238 855 279 consilio
888 245 929 279 et
963 254 1012 278 ex
1045 238 1254 280 industria
1290 239 1445 280 vitasse
1479 238 1547 280 de-

136 306 383 348 monstrabo
418 305 527 362 Cap.
552 306 607 348 II.
641 309 678 362 ξ.
704 308 742 350 3.

253 374 383 428 Quod
425 383 561 418 autem
606 392 656 417 ex
690 391 738 418 eo
772 378 879 432 ipso,
922 377 1034 431 quod
1069 377 1173 418 haec
1208 377 1545 419 accentuatiouis

134 443 308 485 licentia
340 445 381 485 in
416 445 466 486 iis
498 445 711 486 rarissime
744 445 960 500 procedit,
992 445 1116 486 facile
1150 445 1423 500 intelligitur,
1457 460 1545 486 ver-

134 526 203 553 sus
237 512 329 553 illos
362 514 570 555 ternarios
603 513 902 565 severioribus,
942 529 1069 568 quam
1102 515 1410 567 quaternariOS‚
1443 513 1545 568 legi-

135 581 212 623 bus
253 582 481 624 adstrictos
520 597 632 633 esse,
680 583 721 623 id
773 583 1010 624 certissime
1057 590 1174 638 patet
1226 598 1275 624 ex
1317 583 1398 624 alia
1441 598 1542 637 qua-

133 650 229 692 dam
263 666 321 692 re.

248 720 296 760 In
329 720 611 774 quaternariis
645 721 754 761 enim
789 720 982 762 versibus
1016 736 1146 775 quum
1170 736 1252 762 nou
1278 720 1404 761 modo
1428 719 1540 774 apud

134 789 484 844 Auglosaxones‚
535 788 607 830 sed
650 789 775 830 etiam
817 789 931 844 apud
973 789 1268 831 meridionales
1302 788 1542 830 Germanos

130 857 294 912 syllaba
328 857 482 910 brevis,
516 859 582 899 cui
616 858 750 899 altera
781 860 924 915 gravis
957 858 1176 911 succedat,
1208 858 1405 900 omnibus
1437 858 1542 899 locis

129 928 232 968 ictui
266 928 466 980 sufficiat,
499 936 642 969 tamen
674 928 716 969 in
748 929 947 970 ternariis
977 928 1059 970 illis
1090 928 1285 984 proxima
1319 935 1416 968 ante
1447 927 1540 968 the-

128 997 207 1037 sim
253 997 440 1051 praefixo
491 997 555 1037 vel
603 996 829 1051 proclitico
878 997 1092 1052 expletam
1141 997 1275 1038 arsis
1324 1003 1537 1051 oportet

127 1066 283 1120 longa
320 1066 389 1106 sit
433 1065 510 1106 vel
548 1065 600 1106 in
641 1073 1023 1108 consonantem
1069 1065 1294 1107 desinat.
1358 1064 1442 1106 Cui
1475 1080 1538 1105 re·

126 1135 250 1190 gulae
299 1135 445 1176 subtili
494 1135 534 1175 in
574 1149 704 1175 carm.
748 1135 798 1175 de
841 1135 972 1176 Elene
1013 1143 1055 1176 et
1095 1135 1146 1176 de
1188 1135 1318 1177 Beov.
1359 1148 1536 1189 prorsus

127 1204 265 1245 nullus
307 1218 454 1245 versus
496 1211 720 1258 repugnat.
784 1202 908 1256 Quae
949 1210 1091 1245 autem
1132 1205 1172 1244 in
1217 1201 1537 1244 Caedmoniana

126 1273 270 1328 genesi
315 1272 509 1328 exempla
555 1273 692 1327 primo
734 1272 886 1314 obtutu
929 1272 1129 1314 videntur
1169 1273 1389 1324 resistere,
1435 1271 1536 1312 talia

126 1350 245 1394 sunt,
286 1351 332 1384 ut
371 1343 440 1384 lex
473 1357 555 1384 non
589 1342 703 1384 laesa
734 1342 808 1383 sed
843 1342 986 1397 potius
1019 1342 1255 1384 certissime
1287 1341 1538 1383 confirmata

126 1411 292 1453 evadat.
361 1414 425 1454 Ao
475 1412 659 1467 primum
706 1411 874 1465 quidem
917 1410 960 1452 hi
1001 1425 1149 1453 versus
1193 1411 1318 1454 simili
1357 1417 1534 1452 utuntur

126 1481 294 1523 habitu:

556 1562 637 1605 697
702 1560 824 1603 niede
857 1562 984 1603 onfon

532 1655 637 1697 1759
702 1637 806 1695 ealle
839 1654 972 1696 onfoff

525 1748 639 1789 2040
702 1729 851 1801 vzepna
883 1729 1011 1787 onfon

524 1839 638 1882 2918
700 1839 805 1880 selfa
836 1821 964 1880 onfo'n

522 1931 637 1975 2330
699 1913 767 1972 He
799 1913 925 1971 onfon
959 1930 1070 1971 sceal

549 2023 632 2066 953
696 2006 798 2064 arna
830 2024 985 2063 onteOn

149 2114 190 2147 et
223 2105 354 2146 adde:
387 2104 525 2145 Andr.
547 2103 629 2148 783
693 2111 814 2159 geste
847 2104 976 2146 onfon

117 2176 159 2216 in
199 2174 352 2229 quibus
393 2181 639 2215 contractae
670 2173 833 2214 formae
873 2173 1032 2214 onfon
1075 2178 1117 2212 et
1157 2172 1366 2220 ontebn,
1409 2170 1526 2224 quin,

117 2244 150 2285 si
185 2258 267 2285 nou
301 2241 641 2297 pronuntiandae
673 2241 778 2293 sint7
823 2249 869 2282 ut
903 2241 1134 2282 dissolutae
1166 2238 1398 2281 onfahan
1436 2253 1524 2280 on-

117 2313 330 2363 teohan‚
382 2319 525 2352 tamen
566 2312 608 2352 in
654 2326 775 2352 versu
817 2326 895 2365 pro
938 2309 1156 2351 dissolutis
1197 2308 1351 2349 cedant
1390 2315 1431 2348 et
1470 2307 1522 2348 ad

118 2397 283 2423 versum
325 2381 572 2436 fingendum
610 2380 805 2431 eandem,
861 2394 986 2433 quam
1026 2378 1144 2431 illae,
1203 2377 1283 2417 vim
1322 2376 1524 2428 habeant,

116 2467 198 2493 non
239 2450 458 2492 dubitabis
497 2451 599 2491 satis
633 2451 846 2505 cogitato,
896 2447 1010 2502 quod
1051 2462 1148 2488 mox
1188 2447 1299 2487 infra
1337 2445 1389 2487 de
1428 2446 1523 2486 tali-

117 2520 193 2562 bus
233 2519 378 2560 formis
420 2518 660 2573 disputabo.
725 2516 868 2570 Quam
915 2516 969 2557 ob
1017 2530 1102 2557 rem
1153 2514 1210 2556 illi
1252 2529 1398 2556 versus
1439 2528 1521 2554 nou

116 2590 168 2631 ad
201 2589 408 2630 ternarios
440 2588 669 2642 pertinent,
701 2586 774 2628 sed
809 2586 863 2627 ad
895 2584 1189 2639 quaternarios
1223 2591 1348 2637 atque
1370 2583 1520 2624 horum
