1653 2848
730 39 778 81 31

205 161 343 199 ceaff.
407 154 568 196 Phoen.
603 154 681 198 361
729 152 866 207 purh
910 151 1025 192 {iled
1071 152 1152 206 fyr
1196 151 1352 193 Salom.
1384 151 1462 193 129

205 225 320 268 aled
365 225 532 266 laetaol
566 249 619 254 -—

174 304 266 346 aled
301 303 496 345 vocabuli
532 301 793 358 etymologia
825 300 1006 341 obscura
1039 305 1125 348 est3
1160 313 1294 352 neque
1326 299 1464 338 minus

57 374 300 425 obscurum,
331 388 457 427 quam
491 371 695 413 rationem
732 369 887 411 habeat
917 368 971 410 ad
995 367 1252 410 saxonicam
1286 367 1463 407 formam

59 442 141 483 old
176 449 236 493 (et
258 457 332 483 an:
366 440 490 494 eldr),
523 455 650 495 quum
685 455 763 495 pro
795 439 1012 494 anglosax.
1036 436 1152 478 aiod
1185 437 1226 477 in
1251 435 1466 478 Saxonica

58 511 241 553 dialecto
290 517 586 566 exspectemus
634 508 764 561 elid,
817 508 881 549 vel
929 505 1046 549 alid:
1119 505 1303 548 Accedit
1350 504 1465 559 quod

60 580 169 621 Dan.
195 581 281 624 254
312 580 449 621 forma
481 580 586 620 alet
618 578 820 629 occurrit,
859 592 982 632 quae,
1014 591 1139 630 quam
1173 575 1379 616 rationem
1412 574 1466 616 ad

57 648 171 690 aled
211 648 391 701 habeat,
436 663 519 688 non
560 648 710 689 melius
751 647 956 702 intelligo,
1019 644 1107 688 Sed
1139 644 1467 700 Anglosaxones

57 717 174 758 sled
219 717 336 758 vocis
374 716 516 772 priore
555 716 745 772 syllaba,
786 722 833 756 ut
865 715 1007 770 longa,
1041 728 1140 755 usos
1173 728 1288 765 esse,
1335 720 1382 754 ut
1415 728 1466 753 ex

56 802 128 838 eo,
167 785 282 841 quod
322 785 411 827 eins
450 785 637 826 brevitas
675 799 883 838 nusquam
917 782 1158 825 necessario
1191 781 1467 838 efflagitat-ur,

56 856 116 896 ita
158 855 340 896 maxime
380 869 433 895 ex
471 854 671 895 infinitivi
711 853 898 894 onalan
930 853 1068 894 forma
1102 852 1213 904 (Jul.
1240 852 1347 901 580)
1380 851 1467 892 elu—

57 925 202 977 cescit,
234 924 348 978 qnia,
381 924 415 965 si
434 923 763 980 Anglosaxones
795 922 989 963 infinitivi
1012 921 1125 962 illius
1147 921 1468 976 paenultimam,

59 1000 103 1035 ut
125 993 312 1046 brevem,
344 994 589 1046 sensissent,
620 992 711 1033 fieri
734 1006 816 1033 non
842 997 1001 1046 posset,
1032 991 1132 1045 quin
1154 991 1290 1031 forma
1322 990 1468 1031 onal-

50 1065 143 1118 jan
185 1070 258 1104 aut
296 1062 509 1103 onallan
549 1060 815 1116 procederet.
881 1059 1083 1102 Ceterum
1122 1059 1216 1115 ipso
1259 1065 1393 1101 metro
1424 1060 1467 1100 in

55 1154 142 1196 Jul.
167 1155 252 1198 580
294 1140 356 1196 ad
398 1132 593 1196 onalan
634 1153 957 1196 commendatur
998 1152 1127 1208 longa
1164 1152 1356 1207 syllabae
1396 1152 1469 1192 al-

59 1239 267 1265 mensura.
321 1223 376 1265 cf.
415 1238 457 1278 p.
489 1225 556 1265 25.
620 1221 792 1275 Quibus
844 1221 1043 1263 omnibus
1090 1221 1298 1275 respectis
1342 1220 1469 1262 facile

59 1292 335 1345 adducimur,
390 1298 437 1333 ut
483 1298 526 1333 et
571 1291 709 1345 aled,
764 1291 899 1344 alet,
951 1289 1028 1332 eld
1078 1289 1367 1343 substantiva,
1428 1296 1470 1331 et

58 1363 188 1404 verba
218 1362 359 1415 alan,
400 1362 618 1413 onalan,
659 1361 833 1402 inalan
867 1376 950 1402 non
982 1360 1230 1417 germanico
1262 1374 1354 1401 esse
1385 1360 1469 1401 ori-

57 1432 155 1488 gine
188 1446 452 1483 censeamus,
494 1430 569 1472 sed
603 1446 655 1472 ex
687 1430 828 1472 aliena
859 1431 1004 1485 aliqua
1033 1430 1180 1485 lingua
1210 1430 1252 1470 in
1287 1429 1469 1472 Germa-

59 1501 198 1542 nicam
231 1500 371 1551 illata3
406 1499 519 1554 quod
552 1500 587 1541 si
620 1506 735 1541 recte
769 1515 793 1540 a
825 1515 890 1541 me
923 1499 1171 1540 conclusum
1204 1506 1284 1551 est,
1315 1514 1366 1540 ne
1398 1513 1468 1539 co-

57 1571 197 1626 gimur
219 1568 407 1624 quidem,
439 1576 486 1610 ut
507 1584 585 1625 pro
618 1569 733 1610 aled
768 1569 1006 1610 scribamus
1029 1568 1177 1621 aeled,
1209 1583 1467 1623 quamquam

55 1639 238 1681 sensisse
262 1639 592 1694 Anglosaxones
615 1639 801 1693 priorem
825 1637 1049 1694 syllabam,
1083 1644 1127 1679 ut
1150 1638 1337 1694 longam,
1369 1653 1469 1679 con-

57 1707 294 1750 cedendum
327 1714 404 1749 est.

120 1801 199 1854 11)
232 1800 343 1842 Gen,
378 1799 484 1844 1811
530 1783 701 1855 prage
745 1784 926 1841 siffiYan
978 1799 1112 1840 Andr.
1150 1800 1259 1844 1600
1299 1807 1468 1856 Drage

235 1869 469 1924 hnagran
504 1868 566 1909 El.
595 1869 707 1912 1239
740 1876 967 1924 Dragum
999 1867 1294 1922 preodude.

176 1957 239 2000 Ut
279 1958 420 2000 nullus
458 1964 646 2000 totorum
689 1958 922 1999 carminum
967 1973 1113 1999 vorsus
1144 1965 1310 2014 prage
1350 1959 1468 2000 vocis

59 2028 242 2082 priorem
281 2027 489 2082 syllabam
529 2027 701 2068 brevem
743 2027 906 2082 poscit,
944 2028 1005 2068 ita
1043 2042 1134 2068 eam
1174 2027 1343 2083 longam
1377 2042 1469 2069 esse

58 2096 295 2138 certissime
338 2096 479 2137 evenit
518 2111 540 2137 e
573 2097 825 2138 nominativi
864 2097 1002 2137 forma
1032 2103 1169 2152 prag
1208 2097 1273 2137 vel
1313 2096 1468 2151 prab,

59 2165 217 2220 quippe
257 2179 366 2218 quae
405 2164 440 2205 si
480 2164 682 2206 radicalis
723 2164 890 2220 syllaba
928 2172 1041 2206 esset
1083 2165 1247 2218 brevis,
1298 2173 1469 2222 pragu

58 2248 141 2274 non
181 2247 274 2274 esse
311 2247 393 2273 non
435 2239 601 2288 posset,
642 2234 773 2286 sicut,
817 2234 931 2289 gifu
964 2240 1042 2275 etc.
1108 2234 1314 2287 Accedit,
1354 2234 1469 2289 quod

58 2302 232 2344 Raetsel
265 2303 348 2345 203
383 2302 572 2343 occurrit
603 2302 839 2344 infinitivus
871 2308 1075 2359 pragam
1099 2305 1319 2357 (currere),
1350 2304 1470 2345 cuius

58 2378 101 2414 et
130 2372 266 2427 ipsius
299 2371 477 2426 stirpem
502 2372 832 2428 Anglosaxones
864 2373 1047 2415 sensisse
1074 2381 1120 2414 ut
1142 2374 1313 2430 longam
1334 2374 1471 2415 forma

59 2455 135 2483 sua
166 2440 333 2496 prodit,
382 2455 490 2494 quae
522 2448 767 2498 precgan
806 2441 1083 2498 procederet,
1130 2442 1164 2484 si
1197 2443 1327 2498 stirps
1358 2449 1471 2484 esset

60 2509 223 2562 brevis,
270 2509 382 2550 sicut
418 2509 622 2566 lecgan.
687 2510 832 2564 Quum
868 2517 1009 2553 tamen
1042 2517 1249 2567 prag-an
1292 2511 1469 2553 verbum

60 2578 271 2633 pertineat
312 2576 365 2617 ad
404 2577 622 2631 gothicum
666 2580 839 2620 verbum
880 2581 1102 2634 pragjan
1143 2580 1349 2620 confiteor
1387 2594 1468 2622 me,
