1653 2848
117 987 359 1078 Perquam
402 1037 539 1079 pauca
580 1031 697 1075 sunt,
738 1038 844 1078 quae
883 1024 1023 1066 adhuc
1058 1027 1262 1079 temporis
1297 1024 1375 1065 viri
1410 1023 1526 1065 docti

116 1103 428 1145 constituerunt
449 1103 501 1146 de
523 1111 614 1145 arte
634 1104 813 1145 metrica
835 1111 876 1145 et
894 1105 1249 1160 Anglosaxonum
1272 1112 1313 1146 et
1338 1111 1524 1146 veterum

117 1181 348 1225 Saxonum.
398 1183 505 1225 Post
536 1183 646 1224 enim
676 1182 1002 1237 Schmellerum‚
1035 1184 1105 1238 qui
1129 1198 1151 1225 e
1173 1184 1367 1226 versibus
1390 1183 1524 1227 Saxo-

116 1262 237 1304 nicae
276 1263 595 1318 evangeliorum
634 1262 880 1304 harmoniae
923 1278 1050 1304 unam
1081 1263 1219 1319 legem
1253 1264 1306 1305 ad
1340 1264 1526 1306 allitera-

115 1341 244 1382 tionis
280 1341 569 1384 conditionem
602 1342 885 1396 pertinentem
917 1342 1157 1383 enucleavit
1181 1343 1313 1395 (Abh.
1347 1343 1388 1385 d,
1424 1344 1523 1385 bair.

119 1420 254 1462 Acad.
277 1421 328 1461 Β.
351 1423 398 1471 4;
427 1422 555 1474 1847)
588 1436 766 1476 eamque
799 1436 851 1463 ne
883 1422 988 1463 satis
1021 1422 1191 1477 quidem
1225 1431 1427 1465 accurate
1449 1439 1526 1465 nec

116 1500 197 1551 ita,
237 1506 284 1541 ut
319 1514 408 1542 rem
441 1500 700 1551 absolveret3
750 1516 873 1542 nemo
905 1500 1004 1542 huic
1036 1501 1095 1542 rei
1129 1517 1304 1557 operam
1337 1504 1526 1556 navavit,

116 1578 195 1619 nisi
225 1577 288 1620 M.
322 1577 529 1631 Heinius,
577 1580 648 1634 qui
683 1594 840 1634 paucas
879 1579 1200 1622 observationes
1240 1582 1440 1623 metricas
1473 1582 1527 1623 ad

115 1658 291 1698 alteram
320 1672 440 1699 suam
465 1658 657 1700 Beovulfi
680 1658 908 1700 editionem
933 1659 1115 1713 addidit,
1146 1660 1205 1700 ita
1228 1666 1384 1714 tamen,
1406 1669 1454 1702 ut
1476 1676 1527 1703 ne

116 1742 340 1777 conaretur
372 1736 540 1790 quidem
575 1752 645 1778 eas
678 1738 805 1778 certis
839 1737 1105 1779 documentis
1139 1739 1320 1793 probare
1353 1749 1394 1781 et
1427 1755 1526 1782 con-

115 1814 295 1855 firmare.
359 1814 511 1868 Itaque
544 1831 698 1870 operae
731 1817 913 1870 pretium
949 1818 1048 1858 mihi
1084 1819 1217 1860 visum
1252 1826 1337 1872 est,
1373 1821 1527 1875 quibus

117 1893 282 1949 legibus
328 1895 516 1937 metricis
560 1897 728 1949 utrique
770 1895 963 1938 Saxones
1005 1898 1045 1938 in
1089 1899 1397 1953 componendis
1437 1901 1525 1943 suis

116 1973 375 2015 carminibus
408 1975 466 2015 uti
500 1975 708 2027 solerent,
740 1978 997 2026 accuratius,
1032 1993 1159 2032 quam
1192 1979 1333 2020 adhuc
1364 1981 1524 2022 factum

115 2059 194 2104 est,
215 2053 257 2094 in
281 2054 574 2107 quaestionem
599 2070 753 2096 vocare
778 2064 832 2107 et,
863 2064 1065 2110 quantum
1091 2072 1275 2111 possem.
1301 2059 1526 2115 diligenter

117 2131 368 2173 describere.

233 2209 332 2262 Qua
379 2211 420 2251 in
467 2213 716 2265 quaestione
765 2214 874 2255 hanc
914 2215 1024 2255 viam
1067 2216 1284 2271 ingressus
1323 2231 1440 2269 sum,
1479 2226 1526 2257 ut

115 2289 299 2343 primum
339 2304 361 2330 e
396 2288 604 2332 Beovulfo
654 2298 695 2332 et
728 2289 1046 2334 Caedmoniana
1098 2296 1242 2349 genesi
1296 2301 1338 2335 et
1385 2293 1525 2350 Cyne-

114 2367 299 2411 vulfiana
331 2367 468 2410 Elena
498 2369 642 2412 firmas
673 2370 879 2425 quasdam
914 2372 1030 2428 leges
1063 2374 1328 2415 enuclearem
1363 2382 1405 2416 et
1435 2389 1524 2416 cer·

113 2446 168 2488 tis
198 2445 464 2490 documentis
496 2449 737 2504 probarem,
771 2451 937 2503 deinde,
976 2460 1179 2506 quantum
1213 2453 1292 2495 hae
1313 2455 1429 2510 leges
1453 2469 1523 2494 va-

112 2525 247 2567 lerent
294 2528 335 2567 in
377 2528 530 2569 ceteris
569 2544 737 2583 quoque
779 2530 1036 2572 carminibus
1077 2539 1379 2585 perscrutarer.
1450 2532 1522 2574 Sic

1239 2606 1245 2630 1
